3042 4948
230 1439 413 1554 Inquirenti
443 1491 522 1554 quos
550 1473 670 1540 Pthius
702 1476 882 1542 adhibuerit
910 1481 1054 1544 suanos
1083 1480 1260 1548 cantusare

131 1581 300 1660 agendum
323 1583 379 1642 est.
411 1576 494 1642 Satis
511 1580 595 1644 enim
610 1585 732 1646 constat
745 1598 931 1646 enumerare
944 1581 1080 1650 Plinium
1103 1585 1136 1651 in
1157 1586 1261 1652 indice

138 1705 222 1767 qnos
242 1702 402 1764 nunquam
424 1685 655 1786 transcripserit
677 1687 874 1765 eundemque
894 1686 1041 1751 omIttere
1062 1706 1140 1768 quos
1162 1690 1260 1770 ipsius

138 1791 246 1854 verbis
268 1789 424 1853 adhibitos
446 1805 514 1852 esse
536 1790 648 1870 probet
648 1809 694 1855 ur.
749 1790 819 1855 Iam
856 1790 1003 1869 equidem
1036 1793 1259 1870 nonnullorum

135 1899 303 1960 auctorum
333 1892 535 1958 conferamt
521 1898 588 1958 ttex
588 1912 641 2005 us,
677 1912 755 1976 quos
786 1895 921 1960 Plinium
955 1895 1044 1975 sequi
1073 1905 1258 1978 persuasum

137 1999 284 2063 mihit
243 2000 292 2064 sit.
1354 1987 1358 2006 ¹

493 2207 557 2289 lle
582 2205 898 2307 Theophrasto.

222 2377 454 2458 Theophrastus
476 2376 509 2440 in
533 2375 592 2442 hoe
615 2377 743 2458 quidem
757 2377 838 2446 libro
853 2396 1007 2459 nusquam
1029 2378 1186 2454 laudatur,
1208 2375 1254 2443 ita

132 2487 174 2550 ut
196 2482 328 2558 dubites,
352 2499 393 2545 an
414 2481 583 2546 omninoa
610 2480 711 2547 Plinio
740 2482 899 2550 adhibitus
921 2483 971 2546 sit.
1016 2481 1119 2547 Velim
1148 2485 1256 2558 tamen

130 2585 380 2654 conferashaee!
410 2584 488 2666 §48
501 2589 593 2664 „sunt
604 2589 709 2652 autem
721 2587 783 2651 duo
796 2622 835 2636 -
849 2586 990 2654 deeeat“.
1015 2585 1070 2654 etr.
1082 2585 1167 2664 VIII,
1181 2586 1211 2664 1,
1222 2581 1254 2648 h.

125 2742 150 2772 ,ἢ
134 2685 216 2772 πδύο
235 2689 271 2756 δὲ
286 2680 384 2756 αὐτοῦ
399 2723 441 2736 -
456 2686 695 2774 προσηγορίᾳ“.
733 2690 966 2773 Theophrastus
977 2695 1085 2757 auetor
1096 2690 1254 2772 putandus

171 2793 339 2876 Atque
359 2796 495 2877 primum
517 2795 645 2876 quidem
666 2813 746 2878 nego
761 2813 835 2870 casu
848 2794 911 2863 tuot
897 2801 964 2863 tum
978 2813 1056 2873 esse,
1079 2800 1115 2860 ut
1101 2795 1254 2860 tPlinius

131 2900 253 2966 scribat
276 2901 356 2979 „duo
376 2901 477 2982 prima
499 2918 608 2967 eornm
630 2902 777 2978 genera“⁵
801 2917 881 2981 quae
903 2900 963 2964 nisi
986 2917 1024 2964 ex
1046 2897 1254 2980 Theophrasti

128 3002 240 3069 verbis
264 2997 340 3084 „doto
363 2995 454 3067 δὲ
415 3005 512 3068 amori
527 3002 601 3087 γένη
615 2997 656 3066 τὰ
670 2999 810 3088 μέγιστα
824 2997 1034 3085 τυγχάνει.
1059 2998 1197 3085 ,τρίτον
1217 2999 1255 3066 δε

125 3097 219 3189 παρ)
243 3092 355 3174 αὐτὰ
411 3107 589 3177 .“omnino
612 3112 773 3188 nequeunt
786 3109 937 3190 intellegi.
967 3107 1090 3173 Deinde
1106 3107 1175 3188 quis
1190 3126 1253 3173 non

124 3212 276 3300 miretur,
307 3158 390 3292 qnod
421 3231 476 3291 ea,
506 3230 587 3294 quae
609 3212 729 3278 PlinIus
757 3211 863 3291 affert,
894 3213 1038 3300 exempla
1066 3230 1129 3279 non
1151 3213 1253 3278 solum

131 3318 247 3384 eodem
267 3317 376 3382 ordine
397 3319 481 3402 apud
504 3317 756 3399 Theophrastum
785 3323 924 3396 exstant,
954 3319 1010 3383 sed
1039 3319 1135 3384 etiam
1161 3317 1251 3383 initio

130 3421 233 3488 tonus
259 3422 374 3486 serlei?
415 3422 507 3506 Apud
538 3423 712 3490 Varronem
740 3423 814 3490 tells
842 3422 952 3489 divisio
982 3441 1045 3487 uon
1074 3421 1250 3499 inventum

127 3525 311 3592 Columella
333 3526 385 3608 (Π,
410 3527 430 3590 6
452 3532 484 3591 et
507 3525 541 3607 7)
564 3545 639 3592 saue
661 3527 787 3610 quidem
809 3529 892 3593 inter
914 3526 1071 3593 humente
1101 3531 1133 3591 et
1162 3526 1249 3608 legu-

119 3630 219 3698 ,mina
241 3631 412 3713 distingunt,
436 3633 492 3698 sed
514 3650 552 3696 eu
575 3650 623 3710 eo,
646 3633 730 3713 qued
745 3632 866 3700 Plinius
879 3633 987 3699 scribit
1012 3634 1092 3720 „duo
1114 3629 1246 3712 prima“‚

126 3737 200 3801 sine
222 3737 317 3804 dubio
339 3737 588 3808 concludendum
610 3740 657 3802 est
680 3737 764 3822 apud
787 3744 946 3805 auctorem
968 3737 1037 3818 ejus
1051 3736 1141 3818 plura
1155 3752 1250 3818 quam

121 3843 195 3908 duo
218 3859 334 3920 genera
355 3847 539 3910 enumerate
562 3860 640 3908 esse.
685 3841 775 3919 Quod
804 3861 838 3907 re
860 3860 935 3906 vera
956 3830 1072 3912 laetum
1095 3843 1143 3903 est
1165 3840 1249 3920 apud

126 3945 383 4028 Theophrastum
416 3966 518 4028 neque
551 3952 657 4018 tamen
694 3949 778 4031 apud
812 3945 1027 4014 Columellam.
1079 3939 1249 4006 Praeterea

126 4049 366 4140 Theophrastus
387 4055 421 4117 et
434 4051 553 4118 Plinius
574 4052 727 4119 hordeum
749 4050 897 4116 frumenti
918 4067 1018 4130 genus
1039 4065 1107 4114 esse
1125 4047 1246 4128 jubent,

125 4160 244 4248 tonna
261 4155 427 4236 leguminis
450 4157 634 4226 Columella.
670 4155 695 4238 ,ι
713 4159 753 4220 49
778 4154 944 4238 „indumenti
965 4148 1063 4237 ipsius
1079 4172 1154 4216 -a
1178 4169 1248 4213 ver-
