3042 4948
583 345 794 412 ..11-

124 517 241 581 scribit
274 512 351 595 ,καί
381 506 462 578 {illo
492 537 524 577 u
558 511 649 598 γένος
680 513 804 600 α’γρίων
836 515 993 600 aaronem,
1024 518 1184 600 sequitur,
1217 522 1254 582 ut

128 624 268 689 alterum
296 622 449 687 hordeum
479 621 534 684 sit'
549 612 667 706 ἥμερον
702 622 724 685 i.
755 640 782 685 e.
812 623 956 687 sativum.
1008 624 1128 688 Plinius
1164 623 1253 688 addit

134 747 250 810 ,qnam
272 728 385 809 reliqui
408 728 556 792 mortales
577 744 615 789 ex
629 726 778 790 hordeo“.
816 725 871 792 efr.
894 726 989 791 etiam
1012 726 1087 809 §75
1114 728 1252 807 „tisanae

132 833 344 899 conficiendae
378 832 504 911 volgata
536 832 616 895 ratio
650 829 728 895 est“.
777 829 897 896 Plinius
930 849 1001 896 oum
1034 833 1118 914 apud
1150 832 1253 896 Theo·

131 937 297 1019 phrastum
320 955 445 1018 oryzam
468 935 623 1001 invenerit
652 952 754 1016 neque
777 939 882 1001 tamen
904 936 972 1017 eJus
1002 937 1252 1018 descriptionem,

128 1061 183 1118 ea,
205 1060 285 1123 quae
300 1047 456 1120 secuntur,
475 1042 600 1105 aliunde
615 1041 756 1105 inseruit.
789 1040 869 1123 578
893 1043 1015 1123 „spicae
1038 1042 1192 1123 quaedam
1210 1073 1253 1084 -

128 1145 329 1212 infirmitas“.
367 1144 421 1210 cfr.
437 1146 520 1227 VIII,
544 1146 574 1223 4,
598 1147 617 1209 2
644 1145 725 1226 ,τῶν
741 1142 802 1224 μὲν
816 1146 943 1226 κριθῶν
959 1184 998 1192 -
1015 1140 1252 1227 ίσχορότεραι“.

128 1252 228 1316 Plinii
257 1256 362 1317 textus
384 1253 428 1317 sio
456 1253 608 1332 legendus
630 1255 678 1314 est
703 1299 736 1330 ,.
763 1299 770 1316 .
795 1301 802 1315 .
826 1250 988 1315 candidius
1010 1251 1177 1330 nigriusve.
1201 1249 1251 1314 oui

128 1374 274 1438 purpura
295 1359 351 1436 est,
375 1358 527 1438 optimum
551 1358 589 1421 ad
611 1355 803 1438 polentam“.
846 1355 871 1436 5
883 1358 927 1418 80
953 1357 1133 1435 „meliorem
1157 1354 1252 1418 etiam

130 1495 177 1506 -
200 1462 363 1528 tollatur“.
406 1462 462 1526 ofr.
484 1462 568 1537 VIII,
594 1461 644 1538 11,
666 1461 685 1524 3
715 1466 748 1524 et
770 1478 852 1525 caus.
875 1462 916 1542 pl.
940 1461 993 1536 IV,
1018 1459 1068 1538 13,
1092 1460 1121 1522 3.
1167 1458 1252 1540 585

135 1565 267 1646 „Tritici
291 1601 330 1610 -
355 1568 495 1630 alimenti
518 1567 652 1631 trahat“.
691 1565 744 1631 cfr.
760 1566 844 1642 VIII,
868 1565 897 1638 9,
922 1566 937 1628 1
967 1560 1191 1646 ,καρπίζεπαι
1211 1598 1252 1608 -

130 1665 316 1753 Prospera&
361 1669 438 1751 593
464 1674 565 1754 ,apud
581 1672 718 1737 Graecos
742 1671 898 1736 -tertio
921 1671 1034 1735 anno“.
1079 1669 1133 1733 efr.
1157 1669 1186 1732 h.
1209 1669 1252 1750 pl.

129 1775 221 1852 II,4,
239 1775 255 1837 1
283 1764 373 1854 ,οἷον
394 1769 414 1860 ἦ
435 1773 516 1860 οίφη
538 1811 581 1822 -
602 1772 700 1859 τρίτῳ
724 1768 820 1839 inoffi.
864 1771 944 1856 596
969 1776 1071 1854 „eolus
1091 1775 1158 1855 ejus
1180 1791 1252 1837 oau-

129 1881 227 1946 didus
250 1913 288 1924 —
312 1881 516 1946 virentibus“.
561 1879 615 1946 cfr.
638 1880 727 1960 VIII,
760 1880 789 1956 5,
822 1881 857 1960 13
889 1881 924 1958 7,
954 1881 985 1944 3.
1026 1898 1108 1945 caus.
1132 1880 1173 1961 pl.
1196 1878 1250 1959 VI,

134 1985 262 2058 12,12.
307 1984 417 2066 5101
451 1990 574 2065 ,cetera
604 1984 785 2049 aestiva-
809 1992 933 2050 exeunt.
978 1985 1033 2050 ofr.
1056 1986 1148 2058 VIII,
1179 1985 1251 2064 7,3

136 2085 199 2168 „eci
222 2087 259 2152 δὲ
281 2084 315 2152 ἒν
336 2092 406 2165 τοῖς
428 2091 576 2171 θερινοῖς
591 2123 631 2134 ·—
648 2088 939 2175 φολλοβολοίσιν“.
978 2091 1097 2154 Plinius
1113 2109 1252 2154 errorem

130 2196 298 2260 commisit.
333 2194 539 2262 schwartzius
555 2199 646 2276 putat
660 2214 717 2277 pro
735 2193 1034 2281 ,φοίλοβοίοῢσινιι
1052 2214 1124 2259 eum
1139 2196 1252 2274 legisse

135 2297 490 2381 „ovtlodtooooiowh
534 2299 636 2381 5120
661 2318 776 2380 „aquas
793 2335 831 2344 —
846 2301 951 2366 arva“.
990 2299 1043 2366 oh.
1059 2300 1144 2378 VIII,
1168 2301 1197 2377 6,
1214 2301 1252 2380 53

132 2405 167 2481 9,
192 2405 222 2470 1.
265 2404 353 2480 Quae
375 2410 500 2469 exstant
519 2407 551 2468 in
573 2404 824 2487 55121ι1122
846 2405 983 2487 exceptis
1009 2407 1107 2486 ,siout
1129 2411 1252 2489 septen-

131 2509 278 2574 trionalis
300 2511 408 2573 oceani
430 2510 539 2574 insuIIs
561 2544 604 2555 -
625 2510 775 2591 pereoqui
797 2527 859 2574 non
880 2511 996 2592 possit“
1029 2517 1154 2594 sumpta
1180 2517 1254 2576 sunt

131 2632 152 2678 e
178 2613 401 2695 Theophrasto.
446 2613 501 2678 oh.
524 2615 554 2678 h.
576 2615 618 2696 pl.
642 2613 694 2694 IV,
719 2614 748 2694 8,
772 2613 802 2676 8.
827 2613 856 2678 7.
907 2613 1016 2694 5124
1040 2615 1253 2695 ,differentiae

130 2719 243 2800 plures
271 2753 314 2762 -
343 2719 547 2800 nigrumque“
581 2724 613 2783 et
646 2719 877 2798 ,duloiSsimum
907 2725 1013 2784 autem
1043 2757 1083 2767 -—
1114 2721 1251 2786 album“.

129 2821 189 2888 cfr.
214 2823 296 2901 VIII,
319 2823 348 2904 5,
373 2823 409 2897 1,
433 2824 463 2901 6,
487 2825 516 2890 5.
568 2824 826 2907 ETheophrasti
855 2825 958 2888 verbis
991 2819 1069 2903 ,ἐπὶ
1099 2827 1185 2888 πᾶσι
1215 2825 1253 2888 δὲ

128 2923 176 2989 τὰ
199 2923 295 2989 λευκὰ
317 2922 509 3011 γλυκύτερα·
539 2926 598 2991 καί
627 2923 687 3010 γὰρ
716 2920 733 2990 ὁ
756 2918 872 3010 ίίροβος
894 2926 981 2991 κτλ.“
1028 2928 1149 2993 leius
1171 2931 1254 2994 eruIt

133 3032 369 3112 „duloIssimum
391 3039 495 3097 autem
517 3033 559 3114 id,
582 3034 666 3115 quod
690 3051 763 3097 ervo
778 3033 1001 3098 simillimum“.
1046 3031 1147 3115 5125
1165 3033 1253 3114 ,Sili-

133 3155 217 3217 quae
239 3171 281 3181 —-
304 3137 527 3218 eylindratae“.
575 3137 630 3202 cfr.
654 3138 745 3219 VIII,
776 3138 814 3215 5,
844 3140 875 3204 2.
905 3139 934 3204 3.
986 3138 1094 3220 5129
1120 3159 1254 3220 ,genera

132 3260 244 3306 eorum
268 3277 308 3286 -
331 3243 508 3308 subtilins“.
562 3243 616 3309 cfr.
640 3243 715 3321 VII,
740 3243 777 3321 4,
807 3243 827 3305 3
859 3240 1070 3325 ,γογγυλίδος
1093 3283 1132 3291 -
1155 3267 1253 3328 φανε-

131 3339 192 3427 ρόν
217 3394 223 3408 .
248 3394 254 3408 .
279 3346 306 3411 .“
356 3347 475 3414 Plinius
505 3354 578 3413 ante
611 3350 773 3428 „densiore
802 3348 886 3413 enim
915 3353 986 3412 satu
1007 3349 1250 3413 mosoulescere“

132 3451 270 3533 pessIme
300 3453 405 3517 omisit
432 3458 555 3517 vertere
579 3453 784 3535 Theophrasti
817 3446 918 3534 ,πρὸς
947 3449 984 3514 δὲ
1012 3448 1050 3515 τὸ
1079 3443 1252 3535 ἀποθηλί-
1341 3453 1348 3458 ”

130 3558 254 3619 vendat
287 3552 447 3640 πηγνύναι
483 3558 553 3623 δεῖν
594 3552 730 3639 μανάς“,
764 3557 832 3622 sine
867 3558 980 3637 quibus
1015 3558 1091 3623 illud
1129 3560 1249 3638 „enim“

131 3661 261 3726 omnino
289 3682 353 3728 non
382 3664 583 3744 intellegitur.
629 3661 735 3746 §130
759 3663 896 3743 ,spodos
924 3681 999 3728 vero
1030 3701 1069 3710 -
1099 3665 1251 3742 glohari“.

131 3764 190 3830 eir.
214 3766 280 3847 VII,
305 3767 379 3844 4,4
412 3769 486 3853 ,τῆς
516 3766 554 3831 δὲ
584 3762 730 3854 ῥαφάνου
762 3802 802 3813 -
831 3761 1079 3847 κακόοπερμον“
1105 3772 1137 3831 et
1165 3767 1203 3844 6,
1232 3769 1251 3832 2

134 3863 251 3948 ,ἰδίως
279 3868 316 3932 δὲ
345 3863 366 3956 ἡ
396 3866 604 3957 ῥάφανος-
627 3864 856 3955 ἀγωνόιερον“.
909 3870 1110 3936 Manifestum
1132 3872 1252 3939 Plinius

129 3992 272 4038 errorem
288 3976 451 4042 commisii.
488 3978 569 4041 Nam
585 3997 623 4042 ex
638 3978 685 4053 ilo,
702 3995 784 4057 quae
799 3975 995 4055 antecedunt,
1013 3977 1053 4040 ad
1074 3979 1249 4056 ,omnium“

129 4080 341 4160 supplendum
357 4085 405 4145 est
423 4083 619 4164 ,raporum“.
657 4082 719 4147 Sed
735 4101 782 4158 ea,
797 4098 891 4161 quam
906 4080 1026 4147 Plinius
1040 4081 1122 4164 fault,
1141 4084 1251 4147 divisio

127 4185 218 4265 apud
242 4184 492 4268 Theophrastum
514 4204 575 4251 non
599 4193 647 4251 est
668 4183 869 4269 γογγυλίδος,
891 4187 946 4250 sed
969 4181 1126 4269 ῥαφάνου.
1163 4185 1252 4261 Quae
