3042 4948
575 357 785 420 ,25-

104 531 212 612 quod
223 530 386 604 hordeum,
399 529 528 609 milium,
544 530 688 610 panicum
706 530 789 592 iuter
799 527 957 593 lmmeutu
967 528 1078 609 ponit?
1091 527 1247 607 Equidem

103 637 200 700 hinc
208 635 411 698 concluserim
420 633 556 697 Plinium
564 639 596 696 61
604 633 810 698 Columellam
821 633 1247 713 inexplicandasingularum

112 743 257 821 frugum
279 741 402 805 cultura
422 754 616 802 communem
640 742 799 803 auctorem
822 738 919 818 sequi.
962 737 1032 802 Jam
1053 736 1247 802 conferamus

111 847 294 924 utriusque
308 845 428 907 textus!
456 847 506 920 ,et
520 843 553 905 in
568 842 664 905 tritici
678 877 716 886 —
732 840 873 922 166666ιι
888 841 942 908 cir.
954 842 993 921 ΙΙ,
1009 842 1057 921 10,
1072 841 1113 904 24
1131 844 1246 922 ,pabu-

112 951 234 1013 lorum
251 983 285 994 -
301 946 472 1023 ciceram“;
499 950 550 1025 „et
564 947 597 1010 in
612 947 829 1026 leguminibus,
846 951 882 1010 ut
893 946 990 1011 vicia“
1009 945 1063 1010 cfr.
1075 945 1115 1021 ΙΙ,
1135 945 1183 1022 10,
1196 945 1247 1008 29.

123 1060 185 1133 ,61
194 1070 357 1117 commune
366 1087 401 1096 -
411 1051 573 1130 lupinum“
584 1049 684 1124 61611,
696 1050 745 1130 lo,
755 1052 783 1114 1.
797 1049 1000 1114 Communem
1009 1051 1134 1131 utrique
1143 1056 1247 1115 aucto·

119 1177 199 1222 rem
214 1175 281 1221 esse
297 1156 346 1219 vel
361 1173 399 1218 eo
413 1155 573 1237 probatur,
588 1155 672 1235 quod
687 1156 726 1218 de
742 1155 864 1236 pabulis
878 1155 962 1218 haud
973 1156 1097 1220 diversa
1107 1155 1247 1218 tradunt.

121 1262 247 1327 Scribit
261 1261 343 1324 enim
359 1260 477 1323 Plinius
493 1256 525 1339 (ξ
537 1259 610 1340 142)
630 1259 753 1337 ,omnia
766 1259 844 1323 haec
858 1259 1051 1341 pabularia“.
1079 1259 1166 1335 Quae
1183 1277 1248 1323 om-

119 1366 208 1430 nia?
228 1365 275 1429 An
286 1365 382 1428 etiam
396 1363 561 1445 lupinum?
589 1363 728 1441 Minime,
749 1381 818 1426 cum
838 1363 923 1444 „ejus
937 1381 1012 1428 usus
1027 1365 1068 1429 sit
1081 1364 1199 1428 homini
1216 1370 1249 1429 et

121 1470 358 1550 quadripedum
373 1469 481 1547 gerreri
496 1469 628 1546 ungulas
643 1469 769 1532 habenti
785 1467 987 1533 communis“.
1017 1469 1128 1551 Itaque
1144 1470 1248 1534 videa·

122 1591 202 1637 mus
216 1578 339 1660 oportet
354 1589 434 1654 quae
452 1577 608 1637 secuntur.
653 1571 733 1636 Sunt
747 1573 835 1647 vicia,
857 1591 974 1650 ervum,
997 1574 1104 1654 silicia,
1128 1575 1186 1639 boc
1201 1579 1250 1638 est

124 1679 260 1743 foenum
282 1677 446 1752 Graecum,
469 1676 580 1751 secale,
604 1675 736 1756 farrago.
777 1677 898 1741 Deinde
923 1675 939 1757 ᾖ
958 1677 1020 1740 143
1046 1680 1248 1759 ,666616611-

124 1801 211 1863 quos
240 1787 308 1846 erat
329 1782 435 1863 pabuli
457 1799 567 1861 genus,
599 1783 681 1862 quod
705 1781 783 1846 Cato
806 1781 929 1846 ocinum
952 1780 1072 1845 vocat“.
1128 1782 1249 1846 Deinde

125 1885 145 1967 ξ
175 1885 237 1948 147
265 1884 433 1966 ,(Μ61166)
456 1869 488 1949 in
510 1904 617 1950 semen
640 1890 848 1951 maturescere
874 1885 1068 1966 prohibenda
1090 1891 1146 1962 est,
1176 1887 1250 1966 quia

128 1990 283 2070 pabulum
310 1991 418 2055 utilius
448 1997 495 2055 661
524 2009 623 2071 usque
653 1992 692 2055 ad
725 1991 884 2055 trimatum
892 1990 917 2053 “.
973 1990 1115 2068 Denique
1146 1987 1162 2069 ξ
1190 1989 1249 2050 148

131 2095 196 2173 ,(16
219 2095 323 2176 cytiso,
354 2096 402 2159 cui
425 2099 458 2159 et
478 2096 539 2176 ipsi
561 2097 753 2177 principatus
782 2093 929 2158 daturin
951 2093 1088 2173 pabulis,
1119 2092 1249 2156 adfatim

129 2201 268 2262 diximus
290 2199 373 2263 inter
394 2198 552 2264 fmtices“.
612 2201 699 2277 Quae
722 2199 826 2280 pabuli
850 2215 965 2276 genera
987 2197 1090 2260 omma
1114 2198 1250 2276 exceptis

128 2302 227 2366 foeno
249 2305 343 2367 secali
372 2307 405 2367 et
434 2305 521 2368 ocino
545 2305 628 2385 apud
651 2302 857 2368 Columellam
879 2301 1088 2365 inveniuntur.
1134 2299 1187 2365 cfr.
1208 2301 1248 2378 II,

131 2407 186 2482 10,
203 2406 253 2469 24.
299 2405 389 2483 Quod
412 2411 517 2471 tamen
539 2409 622 2488 apud
645 2425 716 2471 eum
739 2407 852 2470 desunt
873 2406 975 2469 secale
997 2409 1030 2469 et
1052 2407 1184 2481 ocinum,
1206 2407 1251 2470 nil

129 2512 166 2574 in
189 2529 223 2574 se
245 2511 307 2575 fert
328 2513 487 2587 momenti,
511 2530 581 2576 cum
603 2512 671 2592 ipse
687 2511 752 2575 Col.
775 2512 889 2575 scribat
914 2528 1003 2590 „nam
1023 2514 1127 2575 cetera
1148 2529 1250 2590 neque

131 2633 319 2679 enumerare
356 2634 391 2680 ac
425 2617 528 2680 minus
563 2634 667 2680 serere
702 2616 898 2694 dignamur&
957 2615 1250 2679 Luculentissimum

134 2725 243 2782 autem
270 2720 434 2797 indicium,
468 2739 529 2801 quo
559 2739 752 2785 communem
783 2725 942 2784 auctorem
972 2725 1140 2799 utrumque
1162 2718 1251 2797 sequi

133 2820 343 2905 confirmetur,
366 2825 424 2889 boc
446 2830 503 2888 est.
546 2825 665 2889 Plinius
687 2825 795 2889 scribit
820 2825 877 2902 ,de
900 2823 997 2903 cytiso
1020 2872 1027 2886 .
1052 2872 1059 2887 .
1084 2869 1090 2883 .
1119 2821 1250 2887 adfatim

133 2927 270 2991 diximus
290 2930 373 2992 inter
395 2929 552 3006 frutices“,
577 2929 750 2994 Columella
776 2931 923 3008 „excepta
944 2931 1050 2990 tamen
1073 2928 1180 3007 cytiso,
1211 2928 1251 2989 de

135 3050 200 3110 qua
222 3033 357 3098 dicemus
379 3035 412 3098 in
434 3035 472 3100 iis
494 3036 591 3111 libris,
614 3051 692 3114 quos
715 3034 753 3096 de
776 3035 942 3112 generibus
965 3032 1158 3098 surculorum
1179 3047 1251 3094 con-

135 3136 345 3216 scripsimus“.
398 3138 469 3204 lom
498 3158 594 3203 unum
624 3143 730 3219 restat,
764 3141 846 3220 quod
877 3139 1104 3204 dubitationem
1127 3154 1253 3200 movere

135 3240 244 3322 possit,
275 3259 386 3323 nempe
415 3244 498 3324 quod
520 3243 640 3308 Plinius
661 3245 769 3310 scribit
801 3249 852 3323 ,et
873 3246 906 3308 in
927 3244 1022 3308 tritici
1044 3261 1157 3321 genere
1181 3259 1253 3321 pars

138 3344 244 3424 aliqua
265 3348 372 3426 pabuli
393 3349 472 3425 est“,
504 3353 612 3412 contra
642 3348 816 3413 Columella
849 3347 1000 3426 „farrago
1034 3365 1114 3427 quae
1144 3353 1192 3408 est
1215 3363 1253 3408 ex

136 3449 287 3513 hordeo“.
331 3450 488 3516 Judicium
511 3440 547 3516 ut
568 3452 721 3530 feramus,
751 3455 891 3533 legamus
923 3456 1046 3533 oportet
1066 3469 1146 3530 quae
1169 3451 1252 3532 apud

136 3553 273 3618 Plinium
309 3560 433 3621 exstant
466 3559 498 3620 in
532 3557 549 3638 ἕ
576 3558 636 3620 142
670 3558 824 3637 ‚,Parrago
861 3574 899 3621 ex
932 3557 1132 3620 recrementis
1162 3554 1253 3618 farris

138 3660 311 3740 praedensa
325 3662 449 3743 seritur,
474 3663 612 3727 admixta
628 3663 796 3743 aliquando
817 3662 953 3735 6161616,
977 3662 1085 3724 eadem
1102 3660 1134 3721 in
1151 3659 1255 3722 Africa

137 3761 175 3826 fit
196 3780 233 3826 ex
254 3762 402 3829 bordeo“.
446 3766 557 3848 ltaque
578 3767 664 3832 nullo
688 3767 749 3831 alio
771 3768 840 3832 loco
863 3767 982 3830 Plinius
1007 3763 1195 3842 farraginem
1220 3765 1253 3828 in

138 3867 233 3932 tritici
254 3886 369 3946 genere
391 3888 459 3934 esse
481 3872 565 3935 dicit.
602 3873 668 3936 Hoc
690 3874 799 3936 vitium
822 3871 896 3934 inde
911 3871 1034 3932 videtur
1057 3873 1159 3932 ortum
1175 3887 1253 3948 esse,

140 3974 222 4052 quod
246 3971 365 4037 Plinius
391 3973 617 4054 ,166661661
643 4013 684 4020 -
707 3975 839 4040 fortasse
868 3974 926 4038 hoc
955 3973 1103 4053 scriptum
1133 3974 1193 4039 luit
1215 3977 1254 4039 ab

140 4079 323 4140 6661666-
341 4081 474 4160 sumpsit
494 4099 551 4161 pro
576 4081 762 4160 „triticum“,
787 4097 857 4143 cum
879 4096 914 4142 re
935 4096 1010 4143 vera
1032 4079 1113 4142 Plini
1135 4085 1254 4159 tempo·

138 4181 223 4244 ribus
250 4180 476 4260 ,frumentum“
502 4189 534 4248 et
560 4186 733 4264 ,triticum“
759 4185 934 4265 promiscue
953 4190 1186 4265 usurparentur,
1210 4185 1255 4246 ita
