3042 4948
544 367 755 429 ...37-

73 537 129 616 qui
167 537 258 602 hand
296 537 390 601 aliter
426 555 519 616 quam
552 533 726 600 Columella
753 540 949 619 praeceperit
981 541 1054 619 quid
1089 559 1213 623 queque

73 661 193 706 mense
218 642 288 707 fieri
312 643 435 706 debeat.
474 641 604 706 Accedit
626 642 709 705 aliud
730 651 958 721 argumentum.
995 645 1107 710 Exstat
1129 649 1211 711 enim

72 749 189 828 locuS,
226 767 289 828 quo
323 748 427 812 lucide
460 753 610 828 appareat
642 748 777 813 Plinium
808 749 1015 813 transcribere
1042 758 1210 828 auctorem,

74 855 129 931 qui
157 855 259 934 plane
281 855 394 918 eodem
417 854 518 930 modo,
548 872 610 933 quo
637 853 711 918 iecit
734 854 917 930 Columella,
945 861 1113 936 praecepta
1135 857 1212 921 haec

74 959 224 1022 (lenierit.

172 1063 212 1126 In
236 1059 275 1142 §d
300 1061 470 1124 clo-248
493 1062 613 1127 Plinius
636 1065 734 1128 tradit
755 1065 969 1128 calendarium
993 1067 1114 1132 dierunt
1137 1068 1210 1132 inde

75 1170 121 1232 ab
159 1168 356 1249 aequinoctio
387 1186 484 1232 verno
514 1169 553 1232 ad
584 1169 784 1248 vergiliarum
815 1175 967 1234 exortum.
1013 1171 1083 1235 dam
1106 1171 1210 1252 pergit

76 1275 228 1338 scribere
251 1272 319 1353 (cfr.
344 1271 361 1353 ξ
387 1272 462 1351 249)
490 1272 545 1351 „ln
567 1273 625 1339 hoc
645 1275 797 1355 temporis
826 1276 990 1340 intervallo
1013 1276 1071 1339 XV
1099 1276 1210 1341 diebus

74 1381 199 1460 primis
220 1379 374 1460 agricolae
396 1379 547 1458 rapienda
568 1384 642 1443 sunt
663 1380 776 1458 quibus
799 1380 984 1460 peragendis
1007 1386 1080 1445 ante
1103 1383 1209 1461 aequi·

76 1487 230 1549 noctium
250 1503 315 1549 non
337 1482 503 1560 suffecerit,
527 1485 602 1548 dum
624 1485 702 1548 sciat
723 1485 796 1548 inde
816 1491 921 1548 natam
937 1487 1208 1568 exprobrationem

76 1588 214 1654 foedam
234 1590 413 1671 putantium
436 1589 516 1654 vites
545 1608 602 1672 per
623 1591 831 1654 imitationem
851 1596 960 1656 cantus
983 1593 1066 1656 alitis
1087 1597 1207 1675 tempo·

77 1695 201 1770 neriae,
223 1713 318 1775 quam
341 1695 485 1758 cuculum
508 1703 630 1759 vocant.
662 1696 797 1759 dedecus
827 1697 910 1760 enim
932 1696 1066 1760 habetur
1095 1700 1207 1779 obpro·

78 1799 252 1880 briumque
287 1800 451 1876 meritum,
485 1798 596 1864 falcem
626 1802 665 1865 ab
697 1800 752 1863 illa
785 1800 910 1864 volucre
943 1802 976 1864 in
1005 1802 1068 1865 vite
1097 1802 1207 1883 depre-

79 1903 183 1968 hendi
206 1955 212 1968 .
238 1953 245 1966 .
270 1902 296 1967 .“
355 1904 451 1969 Vides
474 1905 609 1968 Plinium
632 1909 705 1968 ante
735 1906 841 1969 oculos
869 1914 1026 1971 auctorem
1050 1907 1205 1985 habuisse,

80 2010 145 2087 qui
169 2028 279 2074 annum
302 2011 336 2073 in
358 2009 522 2075 duodecim
549 2027 671 2074 menses
700 2010 900 2090 singulosque
930 2030 1052 2076 menses
1081 2015 1114 2075 in
1144 2014 1205 2078 duo

81 2113 253 2180 intervalla
275 2115 398 2179 dierum
421 2117 587 2196 quinorum
608 2114 781 2179 denorum¹
807 2115 956 2180 diviserit.

174 2221 358 2285 Tractemus
379 2220 461 2284 hunc
480 2220 584 2285 locum
600 2223 791 2286 accuratius!
821 2218 971 2285 Conferas
986 2239 1066 2301 quae
1083 2226 1206 2288 exstant

83 2327 170 2405 apud
201 2325 407 2390 Columellam
436 2325 497 2402 XI,
530 2327 566 2403 2,
597 2326 724 2388 30-33
754 2326 825 2390 incl.
870 2325 1044 2390 Columella
1069 2328 1204 2409 primum

81 2432 182 2495 tradit
203 2430 416 2494 calendarium
438 2431 559 2494 dierum
581 2432 655 2496 inde
678 2433 717 2495 ab
735 2432 838 2497 idibus
853 2433 944 2496 Mart.
961 2450 1060 2514 usque
1079 2435 1118 2498 ad
1136 2435 1203 2501 Cal.

81 2533 200 2614 April,
231 2535 348 2599 deinde
374 2534 465 2616 huJus
496 2536 653 2601 intervalli
681 2556 776 2618 opera
798 2543 960 2605 memorat.
1004 2540 1150 2620 Legimus
1170 2543 1202 2607 in

82 2635 100 2718 ἕ
127 2641 168 2703 32
194 2639 260 2719 „Ab
282 2640 386 2706 idibus
408 2642 527 2723 eadem,
558 2660 639 2724 quae
662 2661 765 2724 supra,
789 2644 897 2724 utique
919 2647 1098 2725 peragenda
1119 2653 1202 2724 sunt,

81 2745 205 2824 optime
227 2750 330 2810 autem
352 2746 506 2826 uliginosa
529 2751 561 2811 et
582 2749 710 2829 pinguia
731 2749 800 2814 loca
820 2767 902 2812 nunc
917 2750 1042 2814 demum
1064 2754 1202 2833 proscin-

80 2850 212 2926 duntur,
236 2855 269 2914 et
288 2869 370 2931 quae
386 2870 492 2916 mense
507 2852 657 2918 ianuario
672 2858 818 2918 vervacta
831 2853 970 2930 fecimus,
993 2873 1075 2919 nunc
1090 2858 1201 2923 ultima

80 2961 175 3032 parte
197 2956 302 3019 Martii
325 2961 399 3020 sunt
417 2957 570 3038 iteranda,
595 2964 627 3023 et
648 2959 776 3039 siquae
798 2957 946 3040 pergulae
975 2959 1085 3022 vitium
1108 2980 1200 3041 gene-

82 3075 226 3123 rosarum
249 3061 297 3124 vel
320 3062 346 3125 si
369 3080 450 3142 quae
472 3063 504 3125 in
524 3065 606 3144 agris
629 3069 684 3128 aut
704 3063 850 3144 vepribus
879 3064 1052 3143 singulares
1074 3068 1201 3136 arbores

80 3166 214 3229 maritae
237 3183 257 3229 a
277 3167 475 3248 putatoribus
491 3170 618 3234 relictae
633 3175 715 3247 sunt,
738 3174 810 3234 ante
826 3170 955 3236 Calend.
970 3171 1068 3253 April.
1091 3175 1200 3256 utique

16 3289 17 3293 ¹
79 3269 226 3351 deputari
249 3272 381 3350 debent3
404 3277 583 3353 postquem
603 3274 685 3338 diem
701 3292 771 3339 sera
786 3279 818 3339 et
838 3274 1030 3340 infructuosa
1043 3275 1080 3341 fit
1094 3279 1200 3359 hujus·

78 3375 164 3438 modi
188 3393 293 3438 rerum
315 3393 397 3440 cura.
441 3375 458 3457 ξ
482 3376 545 3440 332
568 3379 647 3442 Milii
669 3399 793 3461 quoque
823 3384 856 3443 et
877 3381 978 3461 panici
1001 3381 1077 3444 haec
1099 3383 1200 3463 prima

16 3549 17 3552 Ἴ
78 3480 160 3543 satio
194 3484 258 3558 est,
288 3499 370 3560 quae
402 3483 510 3564 peragi
542 3485 636 3548 debet
668 3485 750 3550 circa
781 3486 855 3550 Idus
888 3484 1003 3566 April,
1037 3489 1199 3570 utriusque

78 3585 207 3650 seminis
229 3586 356 3650 sextarii
379 3589 466 3668 quini
488 3589 611 3667 singula
627 3589 740 3669 jugera
760 3591 941 3672 occupant.“

165 3689 253 3766 Quae
276 3693 373 3756 verba
393 3695 419 3758 si
443 3694 626 3773 contuleris,
656 3695 820 3774 intelleges
842 3701 1010 3778 utrumque
1040 3703 1198 3762 auctorem

15 3883 17 3898 .
77 3794 218 3876 ejusdem
241 3796 400 3861 intervalli
423 3817 520 3881 opera
540 3799 680 3863 laudare.
711 3798 797 3864 Bene
813 3803 897 3865 enim
912 3808 1087 3882 congruunt
1108 3819 1198 3883 prae-

163 4047 173 4080 1
193 4047 240 4102 cfr.
260 4049 315 4103 Col.
332 4051 378 4118 XI,
398 4051 422 4115 2,
439 4051 464 4105 3.

163 4135 241 4190 ²cfr.
266 4138 333 4192 Plin.
357 4138 372 4207 ἓ
395 4139 446 4194 250
473 4140 614 4208 „Extremo
639 4145 726 4194 autem
753 4141 804 4195 hoc
827 4147 944 4208 tempore
968 4142 1056 4210 panici
1078 4143 1196 4210 miliique

15 4267 17 4283 .
76 4225 146 4279 satio
165 4230 213 4279 est.
249 4225 354 4280 Justum
373 4226 439 4282 haec
456 4228 509 4282 seri
527 4235 658 4284 maturato
676 4226 803 4282 hordco“.
