3042 4948
589 348 800 412 ..29-

22 531 202 598 ;.;.61161·6
230 521 317 584 dixi.
363 521 475 599 „vulgo
492 555 532 563 -
548 518 701 583 vincant.“
749 515 905 596 6111119,
932 519 987 593 103
1013 518 1062 594 11,
1086 519 1115 580 9.
1139 517 1248 582 Celsus

20 675 27 683 .
59 625 62 632 ’
91 629 224 687 auctor
252 631 316 689 est.
361 623 459 704 ι6166
482 629 621 705 „pestem
637 661 676 670 -
692 623 817 687 intret.“
855 622 903 686 Ab
926 623 992 702 ipso
1009 623 1109 686 Plinio
1131 623 1248 687 inserta

19 732 59 792 .;.
90 736 192 792 sunt.
264 731 339 795 Jam
369 746 469 810 pauca
497 732 626 805 restant,
656 729 768 808 quibus
791 727 864 809 quid
887 725 997 790 faciam
1021 727 1101 790 ratio
1122 704 1245 791 titubat.

18 838 76 902 ’·ῑ·,·
95 831 306 898 Columella
327 835 411 898 enim
434 835 466 897 in
490 851 527 898 66
550 835 661 913 capite,
684 833 738 896 ubi
761 832 866 914 aliqua
884 833 923 895 de
942 832 1039 913 pestis
1053 833 1247 912 aliorumque

94 940 274 1002 remediis
306 939 473 1020 praecipit,
507 942 633 1019 praeter
655 937 826 1010 Vergilium
857 955 954 999 unum
974 935 1099 1001 Celsum
1129 938 1245 1001 laudat.

12 1077 15 1084 v
92 1041 127 1122 p*
153 1047 228 1106 166
265 1045 380 1121 ,661166
403 1079 441 1086 -
466 1042 658 1124 patiuntur“.
703 1039 757 1107 cfr.
781 1040 847 1107 Col.
871 1041 911 1117 11,
935 1041 964 1118 9,
995 1042 1032 1122 33
1069 1041 1178 1106 Celsus
1208 1043 1247 1105 de

45 1183 54 1222 .·
99 1148 202 1210 med.
220 1147 266 1224 ΙΙ,
285 1147 324 1210 18
350 1146 559 1226 „frumentum
575 1148 720 1228 quodque
737 1146 892 1210 valentius
915 1152 962 1210 est
985 1147 1130 1211 collinum
1153 1165 1247 1227 quam

11 1293 22 1316 -.
96 1252 333 1332 campestre“.
380 1253 446 1330 „Ex
476 1249 616 1330 frugibus
642 1286 676 1295 -
700 1249 885 1314 fruinenta.“
940 1251 1098 1314 Haecine
1121 1231 1247 1330 61116611

11 1412 29 1438 Ι,
98 1355 232 1436 judice
255 1375 272 1420 e
296 1356 406 1420 Pisone
429 1356 549 1420 Plinius
570 1355 775 1436 transcripsit.
821 1354 971 1418 Similiter
993 1353 1083 1434 frgm.
1106 1355 1157 1419 38.
1192 1355 1246 1421 cfr.

103 1459 205 1522 Plin.
232 1460 331 1536 XVII,
361 1461 433 1523 244.
485 1461 520 1524 ln
552 1458 1245 1541 ι66167-183Ρ1111661166161161166611.

106 1564 234 1644 Atque
261 1566 396 1646 primum
426 1565 553 1647 quidem
581 1564 713 1646 Aegypti
756 1562 973 1642 „facilitatem“
1014 1574 1244 1632 commemorat.

106 1670 216 1747 Quae
238 1675 387 1734 secuntur
408 1672 481 1734 inde
504 1673 543 1735 ab
576 1675 627 1750 ,61
647 1670 739 1733 credo
762 1670 952 1749 antiquitus“
984 1668 1017 1751 (ᾖ
1043 1672 1117 1752 168)
1147 1691 1246 1752 usque

110 1777 162 1839 ad
209 1775 319 1856 „Syria
355 1777 497 1856 quoque“
533 1773 565 1855 (ἓ
597 1774 671 1853 170)
705 1774 758 1837 ubi
791 1774 910 1838 Plinius
944 1775 1099 1838 invenerit
1131 1777 1244 1840 nescio.

110 1878 274 1944 Fortasse
290 1879 396 1959 aliqua
411 1879 521 1942 auditu
535 1880 631 1943 novit.
661 1879 698 1943 In
713 1877 762 1960 §§
773 1882 936 1941 171-173
951 1880 1070 1943 Plinius
1085 1898 1245 1944 vomerum

114 2002 249 2064 genera
262 1984 417 2048 describit.
454 1983 516 2064 Ipsi
533 1984 687 2048 debentur
702 2001 781 2060 „nou
797 1983 917 2064 pridem
932 2019 975 2026 —
990 1985 1244 2065 supert1·ahuut“.

116 2089 177 2152 De
200 2089 329 2167 reliquis
351 2094 469 2152 certum
488 2087 640 2167 judicium
662 2087 737 2151 ferri
762 2089 880 2166 nequit.
932 2087 1019 2164 Quae
1048 2089 1080 2150 in
1110 2087 1171 2151 fine
1194 2107 1246 2152 cx·

14 2183 17 2188 ¹
116 2200 215 2258 stant
230 2193 353 2257 Celsum
377 2193 522 2257 videntur
541 2193 687 2257 indicare.
725 2192 812 2266 Quae
829 2197 977 2257 secuntur
991 2193 1064 2255 inde
1080 2193 1118 2256 ab
1138 2195 1242 2271 „ares“

30 2357 33 2359 ,
117 2300 158 2364 in
181 2297 209 2378 §
229 2301 406 2378 1741166116
428 2297 467 2359 ad
491 2296 511 2375 §
533 2300 592 2358 176
614 2298 695 2379 apud
720 2296 926 2384 Columellam
950 2313 1013 2359 uon
1035 2296 1244 2360 inveniuntur.

8 2464 19 2474 ,,
118 2404 239 2483 Neque
261 2408 366 2466 tamen
388 2401 492 2464 aliena
514 2407 587 2466 sunt
609 2404 647 2467 ab
671 2419 765 2483 opere
788 2403 826 2465 dc
848 2401 1039 2481 agricultura
1055 2402 1179 2483 scripto,
1201 2404 1246 2468 ita

120 2513 160 2571 ut
184 2507 296 2570 Celsus
326 2510 434 2570 auctor
456 2524 525 2571 esse
548 2508 655 2588 possit.
700 2507 724 2586 tt'
745 2511 804 2570 176
838 2512 929 2586 „sunt
963 2513 996 2570 et
1024 2507 1074 2570 hic
1105 2544 1143 2551 —
1174 2528 1244 2589 pro-

9 2657 19 2664 ,.
118 2612 290 2676 scindito.“
331 2609 385 2674 cfr.
401 2611 440 2684 Π,
456 2612 486 2688 4,
511 2613 540 2676 5.
577 2612 739 2676 Assentior
753 2612 881 2689 Weisio,
904 2613 957 2691 qui
982 2613 1024 2692 (p.
1043 2611 1117 2691 141)
1140 2618 1247 2676 censet

14 2706 20 2714 ’
120 2718 227 2780 verba
251 2716 401 2792 „lutosam
422 2749 465 2759 —
486 2717 694 2797 proscindito“
727 2719 820 2798 plane
851 2716 1024 2780 Catoniana
1053 2732 1121 2780 esse
1151 2720 1246 2795 atque

119 2820 262 2884 fortasse
293 2821 331 2884 66
365 2818 493 2884 Catonis
522 2839 546 2884 c.
570 2822 641 2886 LXI
670 2822 842 2886 adicienda.
895 2820 1013 2882 Plinius
1047 2837 1084 2881 ea
1114 2819 1245 2885 eCelso

120 2927 254 2989 videtur
274 2927 512 3007 transcripsisse,
538 2944 607 2991 cum
630 2927 737 2989 statim
759 2928 930 3006 sequantur
952 2923 1039 3003 quasi
1060 2923 1245 3003 interpreta-

117 3031 229 3094 tiones
257 3029 332 3106 „hoc
346 3031 515 3095 utilitatem
533 3067 571 3076 -
589 3031 770 3095 necantur“.
803 3027 938 3092 Omnino
961 3045 1008 3104 ea,
1032 3043 1112 3106 quae
1135 3043 1245 3090 secun-

121 3141 180 3197 tur
208 3151 306 3213 usque
336 3135 376 3198 ad
407 3135 424 3216 ξ
449 3136 507 3199 181
540 3155 557 3199 e
584 3134 675 3200 Celso
704 3137 779 3215 putc
809 3140 934 3217 sumpta
967 3151 1035 3198 esse
1066 3138 1098 3196 et
1119 3139 1248 3214 propter

120 3241 227 3319 ipsam
249 3239 412 3301 materiem
435 3246 468 3304 61
487 3258 596 3306 sensus
615 3240 852 3306 similitudinem
867 3241 950 3305 haud
967 3258 1038 3304 raro
1054 3241 1135 3320 apud
1153 3239 1246 3303 Colu-

121 3343 253 3406 mellam
282 3344 451 3408 inventam.
507 3346 573 3410 Nec
602 3346 715 3410 deinde
745 3346 849 3423 magni
880 3345 1027 3408 momenti
1064 3347 1127 3417 est,
1162 3344 1245 3420 quod

119 3447 282 3527 quaedam
319 3466 338 3511 a
373 3447 475 3512 Plinio
511 3450 609 3513 allata
645 3467 707 3513 nou
744 3453 867 3514 6161661
907 3448 991 3530 apud
1029 3444 1244 3511 Columellam.

120 3549 235 3632 ι6177
258 3557 419 3630 „araturos
447 3556 542 3618 boves
568 3588 608 3599 -
639 3551 863 3618 contundunt“.
908 3551 1022 3631 ciali,
1045 3552 1074 3627 2,
1099 3552 1148 3614 22.
1179 3569 1247 3629 ,66-

123 3655 296 3718 curiculam
326 3691 368 3699 —
398 3658 553 3739 spiritus.“
610 3657 664 3722 cfr.
687 3659 727 3735 Π,
751 3660 781 3735 2,
805 3657 855 3722 28.
879 3656 930 3718 27.
972 3653 1079 3735 §178
1103 3656 1245 3734 „quando

122 3765 159 3823 61
193 3761 374 3824 animalium
406 3762 508 3826 labori
542 3768 655 3828 natura
685 3763 770 3842 leges
802 3761 943 3826 statuit“.
1000 3757 1054 3823 cfr.
1077 3757 1118 3834 11,
1147 3757 1176 3834 2,
1205 3757 1245 3821 27

125 3865 339 3943 „contrarium
372 3868 476 3948 pecori
508 3875 565 3945 est,
604 3869 750 3948 quoniam
784 3866 875 3948 plus
904 3881 1030 3945 aequo
1063 3860 1240 3944 1611661111.ιι

124 3969 208 4033 Hinc
237 3972 317 4034 hene
347 3973 503 4054 sequitur,
532 3978 568 4037 111
597 3973 752 4038 communi
782 3974 910 4034 auctore
938 3968 987 4032 usi
1014 3967 1086 4033 siut.
1134 3988 1244 4048 ,61116

124 4092 233 4138 arvom
256 4110 299 4117 -
321 4077 475 4140 vomere.“
502 4076 556 4143 cfr.
578 4077 618 4159 11,
642 4078 671 4151 2,
695 4077 753 4154 25;
777 4075 806 4154 4,
831 4075 880 4137 10.
925 4072 1025 4153 §179
1049 4091 1244 4152 „scamna—

7 4245 9 4250 ,
118 4181 292 4245 ·educant“.
330 4179 384 4244 cfr.
404 4181 444 4259 11,
468 4183 497 4261 2,
520 4184 579 4260 25;
602 4183 632 4259 4,
654 4182 691 4257 2;
715 4182 745 4256 4,
770 4179 804 4258 1;
828 4178 858 4256 8,
882 4179 911 4240 3.
956 4177 980 4258 ‘t‘
996 4181 1058 4242 181
1077 4184 1127 4256 „at
1142 4176 1245 4242 fabam
