3042 4948
581 348 792 414 -39.-

122 538 264 602 purgare
280 523 335 583 aut
346 535 444 582 novas
455 516 567 591 facere,
584 522 672 582 ante-

123 625 248 690 lucanis
263 623 454 688 ierramenta
469 641 589 703 acuere,
607 643 671 688 ma·

125 730 241 795 nubrie
256 735 375 811 aptare,
395 729 508 793 dolia
522 747 673 810 quassa

126 836 299 916 sarcire,
317 835 451 899 ovium
474 835 671 914 tegimen·

126 945 171 1005 ta
200 940 447 1005 concinnare
473 939 672 1020 ipsarum·

126 1064 205 1127 que
227 1046 340 1110 lanas
362 1046 673 1128 scabendopur-

127 1149 265 1229 gare“.

219 1253 235 1336 §
264 1254 326 1318 238
360 1257 444 1336 „Huc
473 1257 673 1322 intervallum
794 1251 848 1317 cir.
866 1251 883 1333 §
900 1255 929 1316 2.
960 1253 1019 1319 Hic
1037 1253 1125 1318 locus
1146 1252 1251 1332 magni

128 1361 282 1442 temperis
306 1362 535 1441 vegetissimum
557 1363 678 1442 egrico*
711 1364 760 1423 est
780 1359 941 1423 momenti.

128 1467 172 1530 lis
196 1467 392 1548 maximeque
421 1486 587 1548 operosum
618 1473 674 1550 est,

129 1573 167 1637 in
203 1591 262 1653 quo
303 1573 470 1654 praecipue
513 1572 675 1638 falluntur.

129 1695 234 1758 neque
264 1677 347 1741 enim
377 1696 415 1742 eo
444 1679 495 1743 die
525 1685 676 1744 vocantur

130 1785 175 1848 ad
201 1783 323 1860 munia,
347 1802 409 1863 quo
435 1782 577 1849 favonius
599 1784 675 1848 flare

131 1890 257 1966 debeat,
280 1891 334 1953 sed
358 1908 419 1969 quo
442 1889 608 1972 coeperit.“

222 1991 239 2074 6
261 1993 324 2057 240
358 1996 545 2076 „trimestria
570 2013 676 2060 seran·
798 1989 830 2055 cf
845 2039 852 2054 .
877 1989 916 2072 ἐξ
940 1993 997 2070 20,
1029 1993 1086 2070 26,
1115 1993 1173 2071 29,
1205 1993 1254 2070 16,

132 2107 203 2176 tur,
234 2100 313 2164 vites
341 2104 577 2182 putanturque
599 2100 676 2164 dixi-
713 2095 763 2174 17,
788 2095 839 2160 19.

133 2221 204 2268 mus
236 2205 369 2280 ratione,
402 2205 490 2269 oleae
518 2210 675 2283 curentur,

132 2328 227 2390 poma
252 2315 398 2374 serantur
425 2311 676 2392 inseranturque‚

131 2415 244 2478 vineae
287 2416 501 2496 pastinantnr,
552 2418 676 2480 serni-

132 2521 251 2583 neria
301 2521 563 2601 digerantur,
615 2521 677 2584 in·

132 2629 377 2690 staurentur
417 2626 517 2702 alia,
561 2627 676 2691 harun-

134 2732 234 2807 dines,
257 2731 377 2808 salices,
407 2732 548 2811 genistae
571 2751 675 2797 seran·

131 2843 187 2901 tur
230 2838 478 2917 metiamurque,
532 2843 676 2904 serantur

133 2960 209 3006 vero
230 2942 317 3016 ulmi,
347 2943 463 3024 populi,
495 2944 675 3024 platani,

132 3048 179 3112 uti
202 3048 319 3111 dictum
342 3049 421 3112 est“.

221 3149 239 3231 §
274 3150 333 3214 241
373 3157 457 3232 ,tum
491 3162 523 3218 et
555 3159 678 3235 segetes
797 3151 1255 3236 cfr.§§7,9,10(11,11,5),

134 3259 281 3323 convenit
294 3275 438 3339 purgare,
462 3260 559 3323 sarire
574 3261 677 3325 hiber·
712 3260 764 3337 32,
787 3259 827 3323 16
861 3260 954 3340 „item
976 3259 1138 3325 vinearum
1159 3258 1257 3324 fossio

134 3383 192 3428 nas
234 3361 340 3442 fruges
383 3364 579 3443 maximeque
619 3364 677 3429 far.
712 3365 824 3430 iisdem
834 3364 911 3428 locis
922 3365 1102 3446 peragenda
1112 3366 1255 3430 arbuste-

133 3470 186 3532 lex
202 3465 294 3532 'certa
310 3469 344 3532 in
366 3485 415 3544 eo,
438 3485 506 3530 cum
530 3474 679 3548 quattuor
713 3488 844 3551 runrque
867 3469 933 3533 sive
954 3469 1076 3551 putatio
1098 3469 1164 3534 sive
1186 3469 1256 3534 alli-

134 3572 282 3639 fibrarum
313 3591 381 3637 esse
414 3573 568 3654 coeperit,
605 3573 679 3640 faba
713 3575 798 3656 gatio
834 3572 972 3640 finienda
1012 3580 1076 3652 est,
1121 3591 1256 3658 querum

134 3697 209 3744 vero
225 3697 301 3743 non
317 3682 535 3759 antequam
556 3680 677 3743 trium
708 3679 801 3768 justa
818 3681 910 3746 certa
925 3697 995 3746 csse
1011 3677 1251 3765 nenpessunt.“

134 3782 342 3860 foliorum,
379 3790 480 3849 tuuc
516 3804 677 3866 quoque

134 3889 219 3954 levi
277 3891 442 3955 sarculo
500 3910 677 3972 purgare

134 3995 675 4074 veriusquumfodere,flo-

134 4105 292 4165 rentem
329 4102 476 4182 utique
505 4102 563 4168 XV
593 4104 675 4184 pri·

134 4207 209 4270 mis
248 4206 394 4271 diebus
429 4226 505 4272 nun
547 4209 676 4273 attin·
