3042 4948
728 352 940 414 „40-

272 541 377 602 gere.
400 523 595 588 hordeum
611 523 691 586 nisi
707 524 814 588 sirco

273 648 324 694 ne
375 630 563 692 sarrito.
620 631 814 709 putationem

274 735 471 814 aequinoctio
497 739 656 815 peractam
689 735 814 800 habeto.

271 840 383 904 vineae
408 839 554 920 jugerum
585 847 815 920 quaternae

273 963 425 1027 operae
454 949 583 1026 putant,
618 945 749 1024 alligant
780 948 814 1009 in

272 1051 400 1115 arbusto
437 1049 628 1129 singulae
664 1070 814 1133 operae

272 1157 442 1220 arbores
463 1154 553 1218 ΧΨ.

358 1261 463 1342 §242
489 1261 627 1339 ,Eodem
648 1257 708 1322 hoe
735 1262 814 1322 tem·
935 1255 989 1320 cfr.
1027 1252 1044 1334 ξ
1080 1255 1121 1315 25
1165 1253 1242 1330 ,His
1281 1253 1398 1318 diebus

273 1385 350 1449 pore
371 1367 533 1432 hortorum
564 1364 816 1444 rosariorumque
847 1361 1014 1426 commode
1029 1361 1228 1422 instruuntur
1240 1358 1333 1435 horti,
1355 1360 1399 1422 de

272 1489 347 1534 cura
369 1476 427 1548 est,
449 1489 530 1551 quae
553 1470 722 1551 separatim
744 1488 815 1550 pro-
850 1467 964 1547 quibus
975 1465 1109 1529 suolooo
1118 1465 1218 1527 dicam
1232 1465 1398 1541 secretius,

271 1577 363 1640 rimis
415 1574 626 1640 voluminibus
682 1575 813 1653 dicetur,
850 1589 890 1634 ne
919 1572 1003 1634 inter
1035 1570 1115 1632 hano
1146 1571 1235 1648 quasi
1268 1571 1399 1633 turbam

273 1681 413 1744 eodem
443 1685 482 1744 et
512 1680 697 1761 topiarii.
850 1694 979 1757 operum
1018 1674 1227 1752 negligentius
1271 1673 1397 1738 olitoris

850 1779 954 1844 offitia
975 1780 1175 1860 descripsisse
1201 1778 1310 1842 videar
1339 1783 1399 1842 aut

849 1903 933 1949 nuno
950 1885 1093 1948 ordinem
1113 1884 1305 1964 reliquarum
1326 1885 1397 1947 eul-

849 1996 991 2054 turarum
1004 1995 1148 2071 ooeptum
1156 1989 1393 2071 interrupisse.“

850 2101 883 2159 et
894 2094 1131 2173 29,Rosarium
1138 2096 1310 2160 serotinum
1322 2114 1399 2176 per·
1507 2153 1508 2186 ,

849 2199 967 2265 fossum
990 2204 1023 2264 et
1044 2200 1162 2264 cultum
1190 2200 1307 2265 habere
1326 2201 1399 2282 jam

850 2312 974 2388 tempus
988 2307 1066 2370 est-‘³
1105 2306 1165 2370 Hio
1178 2307 1265 2371 loeus
1279 2308 1400 2370 summi

851 2417 899 2475 est
920 2412 1079 2475 momenti.

272 2534 340 2594 tum
361 2530 478 2610 optime
500 2532 626 2595 serobes
647 2528 755 2594 fiunt.“
933 2522 987 2588 afr.
1013 2522 1030 2604 ξ
1055 2522 1106 2587 28.

356 2633 374 2716 ᾖ
398 2635 461 2698 257
497 2635 550 2714 ,In
580 2635 639 2699 hoo
663 2636 813 2716 temporis
933 2626 988 2694 riu
1006 2627 1044 2710 ἐξ
1061 2629 1114 2703 44,
1133 2629 1184 2704 41,
1201 2629 1252 2705 44,
1267 2629 1319 2705 46,
1337 2631 1394 2693 50.

269 2741 434 2804 intervallo
450 2741 561 2804 vineae
575 2742 811 2823 pampinantur3

271 2851 412 2923 curatur,
450 2849 487 2909 ut
528 2847 648 2910 vinea
691 2851 811 2910 vetus

268 2952 398 3016 semel
420 2950 532 3017 fossa
553 2953 623 3029 sit,
653 2953 714 3016 bis
743 2971 810 3016 no-

267 3057 388 3122 vella.
419 3074 493 3121 oves
515 3058 701 3133 tondentur,
729 3058 810 3139 lupi·

268 3179 343 3226 num
371 3162 563 3226 stercorandi
592 3180 686 3226 eausa
714 3164 809 3226 verti·

268 3270 337 3343 tur,
367 3270 453 3330 terra
473 3268 699 3348 proseinditur,
730 3268 809 3332 vioia

266 3372 300 3437 in
314 3373 463 3454 pabulum
479 3378 612 3453 secatur,
632 3371 704 3438 faba
718 3373 808 3437 meti-

267 3482 329 3554 tur,
352 3478 426 3542 dein
447 3477 600 3542 auditur.“

355 3581 496 3662 Longum
512 3587 559 3647 est
575 3601 683 3647 omnes
697 3583 781 3649 looos
796 3584 1012 3663 transcribere,
1037 3601 1108 3647 eum
1124 3603 1187 3648 non
1207 3585 1393 3648 contineant

269 3686 323 3769 qui
345 3691 513 3770 supersunt
534 3706 649 3753 novum
673 3693 899 3768 argumentum.
931 3687 963 3753 Si
979 3707 1042 3765 eoa,
1065 3705 1143 3768 quos
1157 3689 1292 3766 laudavi,
1316 3689 1392 3753 dili-

266 3798 377 3871 genter
391 3793 571 3875 inspexeris,
588 3792 723 3857 Plinium
739 3799 771 3859 et
786 3793 992 3860 Columellam
1014 3812 1210 3858 communem
1226 3798 1391 3858 auctorem

266 3896 355 3976 sequi
384 3897 556 3979 intelleges.
609 3898 712 3978 Atque
741 3917 822 3963 uuus
851 3902 958 3978 restat,
989 3917 1081 3980 quem
1104 3900 1192 3980 sequi
1214 3899 1388 3981 potuerint.

266 4000 327 4067 Hie
349 3998 458 4066 Celsus
480 4009 536 4068 est.
588 4005 744 4085 Equidem
766 4007 869 4066 statuo
892 4002 1027 4067 Plinium
1049 4023 1097 4078 ea,
1130 4022 1213 4085 quae
1242 4007 1390 4085 spectant

267 4106 306 4171 ad
330 4123 425 4188 opera
445 4107 478 4170 in
500 4109 631 4188 singulis
652 4107 826 4173 intervallis
847 4105 1036 4189 perficienda
1057 4127 1075 4173 e
1094 4108 1186 4174 Celso
1208 4112 1390 4172 mutuatum

266 4229 335 4276 esse
357 4228 415 4276 neo
436 4211 539 4275 rniuus
561 4211 766 4277 Columellam
797 4213 938 4277 ordinem
967 4213 1138 4296 spatiorum
1168 4230 1336 4294 rerumque
1369 4233 1391 4277 a
