3042 4948
747 367 958 429 ..13-

298 535 488 612 agricultura
509 555 643 602 omnes
665 542 792 600 censent
812 537 989 614 iterumquo
1011 552 1068 598 suo
1098 550 1240 615 quaeque
1269 538 1429 614 tempore

298 636 441 702 facienda
469 645 501 702 et
530 643 622 706 tertio
652 643 817 723 praecepto
849 639 1068 720 praetermissa
1096 637 1212 702 frustra
1240 639 1427 700 revocari“.
1492 629 1493 638 ’

298 739 425 806 Catonis
447 744 530 806 enim
559 751 632 810 sunt
653 763 734 825 quae
754 744 874 808 Plinius
895 743 1012 816 laudat,
1034 743 1286 806 transcribuntur
1306 746 1425 804 lamen

299 845 357 908 sub
383 865 463 926 ,non
485 849 695 912 mentiuntur“
725 865 851 927 ,omnes
873 847 1031 921 censent“,
1053 847 1099 910 ita
1121 850 1156 909 ut
1171 851 1262 927 putes
1277 845 1422 909 Plinium

300 966 337 1011 ea
360 949 442 1029 apud
466 955 624 1014 auctorem
645 951 767 1029 legisse,
792 951 844 1031 qui
860 950 988 1015 Catonis
1003 952 1174 1014 sententias
1188 968 1259 1014 cum
1279 950 1422 1013 aliorum

300 1057 461 1116 auctorum
484 1055 605 1135 placitis
624 1056 863 1120 commiscuerit.
908 1053 1049 1134 Utraque
1071 1073 1145 1118 vero
1166 1055 1199 1116 in
1218 1053 1427 1134 paragrapho
1493 1043 1494 1046 ’

300 1155 363 1220 alia
384 1161 470 1221 recte
488 1159 546 1222 sub
569 1159 696 1224 Catonis
718 1163 843 1226 nornine
865 1160 1042 1235 laudantur,
1071 1159 1117 1224 ita
1149 1167 1184 1220 ut
1205 1158 1323 1222 Plinius
1346 1177 1423 1220 rem

237 1341 239 1346 Ι
301 1279 415 1338 augere
452 1262 603 1328 videatur.
655 1264 804 1329 Conferas
841 1265 954 1327 deinde
991 1280 1071 1342 quae
1105 1265 1229 1326 exstant
1260 1262 1292 1325 in
1323 1259 1340 1342 ἓ
1374 1261 1423 1324 36

303 1365 442 1444 ,Dehinc
462 1368 575 1448 peritia
596 1368 769 1432 villicorum
799 1369 831 1431 in
860 1385 934 1431 cura
955 1367 1099 1431 habenda
1121 1372 1170 1430 est
1190 1366 1351 1445 multaque
1376 1367 1423 1428 de
1494 1413 1495 1428 2

299 1468 348 1532 his
372 1468 449 1532 Cato
477 1471 665 1550 praecepit“.
702 1470 757 1534 cir.
780 1471 858 1536 Cato
881 1472 926 1548 V,
949 1471 979 1534 4.
1024 1489 1121 1551 ,opus
1143 1470 1291 1534 rusticum
1322 1487 1424 1533 omne

301 1578 396 1650 curet,
421 1573 467 1636 uti
489 1574 568 1637 sciat
588 1571 721 1638 facere“.
769 1577 876 1654 „nobis
899 1576 974 1640 satis
996 1574 1037 1638 sit
1059 1574 1172 1638 dixisse
1194 1591 1286 1653 quam
1309 1575 1420 1654 proxi-

301 1695 385 1740 mum
408 1677 533 1743 domino
563 1681 655 1743 corde
685 1697 753 1744 esse
776 1681 920 1745 debere“.
964 1676 1019 1743 clr.
1042 1677 1119 1742 Cato
1142 1678 1180 1754 V,
1203 1676 1231 1739 3.
1281 1679 1422 1755 „amicos

301 1780 418 1844 domini
441 1800 495 1848 eos
517 1783 575 1847 sibi
597 1784 712 1849 babeat
733 1785 878 1849 amicost
925 1787 976 1862 ,et
996 1787 1102 1846 tamen
1124 1783 1249 1847 sibimet
1269 1782 1328 1862 ipsi
1351 1799 1421 1844 non

301 1884 431 1950 viderit
475 1885 528 1950 cir.
551 1887 629 1952 Cato
652 1889 689 1965 V,
712 1891 742 1952 2.
798 1906 855 1968 ,ne
883 1888 953 1968 plus
975 1891 1101 1950 censeat
1131 1904 1241 1968 sapere
1264 1904 1297 1950 se
1319 1905 1418 1966 quam

302 1988 492 2054 dominum“.
541 1992 663 2057 Paneas
696 2012 811 2074 quaeso
840 1990 1010 2056 sententias
1039 1992 1149 2054 ordine
1177 1991 1300 2056 inverso
1331 1993 1419 2071 apud

301 2091 452 2157 Catonem
485 2096 627 2161 inveniri.
678 2097 749 2161 Jarn
786 2099 899 2162 seimus
935 2093 1058 2159 Celsum
1096 2096 1138 2158 de
1177 2095 1271 2158 villici
1305 2092 1419 2157 officiis

302 2197 492 2264 disseruisse.
542 2201 595 2266 cfr.
620 2202 685 2267 Col.
707 2202 731 2277 Ι,
762 2201 792 2279 8,
816 2201 845 2262 4.
893 2198 1063 2278 ,ejusmodi
1083 2199 1221 2266 villicum
1251 2199 1420 2263 Cornelius

303 2301 412 2366 Celsus
438 2305 483 2367 ait
504 2307 595 2368 etc.“.
640 2305 730 2385 Quid,
754 2305 837 2385 quod
860 2304 942 2383 apud
966 2302 1171 2366 Columellam
1193 2302 1321 2367 Catonis
1344 2321 1418 2366 sen·
1496 2297 1497 2344 l

301 2408 437 2483 tentiae,
468 2411 595 2473 mutatis
621 2410 746 2489 quidem
767 2409 879 2486 verbis,
903 2407 1011 2470 eodem
1036 2406 1144 2472 orrliue
1166 2407 1322 2486 leguntur,
1354 2426 1419 2488 quo

303 2517 426 2574 exstant
447 2513 530 2592 apud
553 2513 710 2577 Plinium?
752 2511 805 2575 cir.
829 2511 895 2577 Col.
919 2511 943 2586 l,
966 2509 996 2586 8,
1019 2510 1048 2572 3.
1097 2511 1236 2588 ,mediae
1258 2512 1355 2590 igitur
1377 2545 1416 2558 ψ

305 2615 476 2679 addiscat“.
523 2615 541 2679 7
572 2617 716 2696 ,semitas
740 2652 779 2661 -
801 2614 984 2697 receperit“.
1034 2615 1073 2676 13
1099 2615 1150 2694 ,in
1171 2616 1351 2679 universum
1375 2645 1419 2658 -

304 2719 457 2796 ignorat“.
510 2719 592 2784 Hinc
618 2721 775 2802 sequitur,
808 2725 843 2785 ut
874 2721 994 2784 Plinius
1026 2725 1081 2783 aut
1111 2719 1261 2783 Catonern
1291 2736 1355 2782 non
1383 2721 1418 2782 in

306 2823 414 2886 eadem
437 2822 538 2888 forma
559 2825 680 2905 legerit,
703 2844 765 2905 qua
787 2844 843 2890 nos
865 2825 1014 2890 Catonern
1037 2825 1179 2903 legimus
1210 2829 1266 2887 aut
1288 2823 1419 2887 Catonis

305 2929 477 2992 sententias
499 2930 623 2994 eCelso
645 2930 881 3012 transcripserit.
919 2927 1048 2992 Accedit
1068 2929 1162 2992 aliud.
1197 2928 1418 3009 Compluribus

305 3033 388 3094 enirn
409 3033 485 3096 locis
508 3033 616 3097 addita
637 3036 791 3115 quaedam
816 3038 889 3098 sunt
911 3035 1064 3096 artissime
1086 3051 1179 3097 sensu
1200 3051 1271 3096 curn
1293 3038 1419 3096 antece·

306 3136 451 3199 dentibus
478 3154 612 3216 conexa,
642 3157 723 3219 quae
745 3143 850 3202 tamen
873 3137 911 3200 ab
934 3136 1000 3216 ipso
1023 3137 1123 3201 Plinio
1152 3137 1327 3215 excogitata
1348 3154 1418 3200 esse

304 3257 396 3302 nemo
419 3241 494 3317 erit,
524 3243 577 3320 qui
604 3243 720 3306 credat.
765 3241 818 3306 cfr.
843 3239 860 3322 ξ
884 3240 925 3302 26
958 3242 1058 3321 „quod
1088 3243 1169 3306 male
1196 3247 1336 3323 emptum
1359 3247 1417 3317 est,

305 3361 428 3425 semper
448 3347 618 3424 paenitet“.
656 3345 730 3428 §28
757 3347 807 3424 ,in
828 3344 972 3425 quoialli
987 3380 1027 3390 -
1042 3347 1146 3424 agro“.
1186 3344 1262 3426 §29
1288 3365 1364 3426 „nec
1386 3348 1419 3412 id

304 3447 392 3525 falso,
416 3450 441 3512 si
464 3452 522 3514 sub
544 3452 657 3531 oppido
676 3452 768 3516 sint“.
813 3449 830 3531 ξ
847 3451 888 3513 30
913 3467 1052 3530 ,summa
1067 3453 1205 3514 omnium
1221 3487 1261 3497 —
1276 3453 1417 3516 decerni·

305 3555 387 3616 tur“.
435 3553 522 3628 Quae
545 3563 655 3618 cuncta
676 3555 789 3619 similia
811 3562 884 3620 sunt
905 3555 1213 3636 interpretationibus
1228 3557 1268 3621 ab
1290 3564 1418 3620 auctore

306 3658 441 3736 quodam
464 3657 602 3737 adjectis,
623 3677 700 3738 quas
722 3660 771 3723 vel
788 3659 855 3742 ipse
870 3660 989 3722 Plinius
1005 3657 1113 3722 laudat
1127 3660 1160 3723 in
1176 3658 1193 3740 ς
1210 3661 1251 3722 26
1277 3662 1419 3739 ,singula

304 3779 433 3839 rnagnas
464 3763 738 3844 interpretationes
770 3765 887 3829 babent
919 3781 976 3826 nec
1005 3762 1145 3825 dubias“.
1198 3765 1308 3845 Neque
1340 3765 1419 3831 baec

305 3865 388 3935 sola,
417 3884 497 3945 quae
526 3869 618 3933 modo
649 3869 845 3949 transcripsi,
874 3868 928 3932 sed
958 3866 1094 3946 plurima
1122 3886 1247 3947 eorum,
1277 3872 1417 3951 quaein

308 3966 345 4048 ἐξ
368 3967 492 4032 26-48
517 3974 730 4050 continentur,
760 3973 803 4036 nil
833 3977 906 4038 sunt
934 3971 993 4033 nisi
1016 3971 1290 4053 interpretationes
1312 3980 1416 4039 textus

307 4073 443 4138 Catonis.
488 4075 550 4139 Ubi
573 4079 652 4141 tales
675 4076 883 4142 exstiterunt?
918 4075 1018 4140 Varro
1041 4081 1126 4139 certe
1147 4082 1255 4141 auctor
1275 4097 1339 4143 non
1360 4085 1416 4154 est,

307 4198 377 4242 cum
415 4177 671 4244 verisimillimum
714 4182 754 4245 sit
789 4181 923 4244 Plinium
964 4182 1238 4263 interpretationes
1274 4201 1310 4246 ex
1355 4201 1416 4246 uno
