3042 4948
561 369 772 431 ..19-

98 541 283 620 eodemque
313 542 441 602 auctore
470 540 710 619 transcripsisse.
755 540 832 604 Tres
855 541 1004 606 Varronis
1033 542 1093 606 loci
1123 541 1226 609 conf·

97 645 198 708 rendi
221 647 303 719 sunt,
327 661 459 722 quorum
481 643 543 706 duo
567 643 661 706 etiam
683 645 767 724 apud
790 643 996 710 Columellam
1015 647 1224 713 inveniuntur.

100 748 162 813 cfr.
190 749 269 813 Plin.
303 745 395 827 129.
450 765 527 827 ,000
556 747 588 812 id
616 747 711 824 falso,
743 749 769 812 si
799 751 857 813 sub
887 750 1000 830 oppido
1033 751 1125 816 sint“.
1171 751 1224 818 cfr.
1282 803 1285 808 .

97 855 208 917 Varro
231 853 271 916 de
289 871 317 915 r.
332 872 359 916 r.
379 853 405 928 1,
429 852 479 929 16,
500 853 538 930 3;
559 852 641 916 Ρ110.
664 853 739 917 ibid.
786 858 838 932 ,et
858 859 949 934 prata
971 855 1092 936 antiqui
1114 863 1225 937 parata

100 958 247 1022 dixere“.
289 955 344 1020 cfr.
364 957 463 1021 Varro
485 958 506 1022 1.
527 957 548 1020 l.
571 957 595 1032 Ι,
620 956 649 1033 7,
675 957 731 1035 10;
755 957 822 1022 001.
838 957 878 1035 ll,
898 959 947 1036 16,
971 960 1000 1022 2.
1044 959 1124 1024 Ρ110,
1149 959 1224 1040 §33

102 1063 274 1142 „convenit
294 1079 396 1141 neque
414 1061 505 1142 juxta
527 1062 657 1143 paludes
679 1065 856 1143 ponendam
878 1081 947 1127 esse
969 1081 1071 1144 neque
1093 1065 1224 1130 adverso

100 1167 230 1230 amne“.
283 1164 338 1229 cfr.
360 1166 461 1230 Varro
484 1165 505 1230 l.
527 1167 548 1230 1.
570 1166 595 1241 Ι,
621 1167 670 1242 12,
695 1166 730 1244 1;
761 1166 883 1244 0011,
910 1169 947 1245 5,
979 1169 1062 1231 del.
1113 1169 1224 1249 Neque

97 1291 182 1336 vero
204 1272 285 1352 apud
302 1269 507 1334 Columellam
530 1271 635 1334 omnia
656 1271 805 1335 invenies.
851 1272 1019 1336 Praeterea
1039 1272 1222 1354 Columella,

99 1393 185 1456 quas
206 1375 337 1456 praebet
357 1375 641 1456 interpretationes,
670 1393 711 1438 ne
732 1376 799 1457 ipse
822 1376 948 1456 quidem
971 1375 1121 1454 confecit,
1152 1396 1222 1442 cunr
1333 1421 1335 1428 ‚

99 1499 187 1556 earn,
209 1497 289 1559 quae
311 1481 448 1561 pertinet
470 1481 512 1544 adw
531 1482 623 1558 viarn,
647 1482 789 1546 oratione
810 1481 937 1561 obliqua
958 1497 1033 1545 usus
1056 1482 1221 1548 describat.

99 1583 262 1662 01013,
292 1583 320 1646 3.
371 1583 483 1664 ltaque
509 1583 580 1665 jure
609 1586 803 1666 suspicamur
832 1605 849 1650 e
878 1585 970 1650 00100
1000 1603 1053 1650 000
1083 1592 1223 1669 sumptas

100 1707 183 1753 esse.
230 1688 381 1753 Catonem
411 1690 515 1771 ipsum
546 1708 564 1752 0
586 1689 687 1754 Plinio
718 1691 891 1771 inspectum
915 1707 983 1753 esse
1005 1691 1150 1770 equidem
1170 1693 1222 1756 rix

98 1794 293 1872 negaverim.
338 1793 391 1859 cfr.
407 1795 486 1858 Plin.
507 1791 582 1875 §27
609 1793 706 1874 ,0010
729 1795 768 1858 10
791 1795 1094 1860 conterminis“.
1137 1795 1221 1859 Fieri

97 1904 211 1963 tamen
233 1903 352 1980 potest,
382 1904 418 1964 ut
445 1899 596 1964 nonnulla
618 1898 748 1964 Catonis
776 1899 908 1965 000100
938 1900 1126 1980 transcripta
1148 1900 1219 1964 sint.

98 2001 256 2068 Conferas
277 2004 371 2067 etiam
400 2003 486 2070 haec.
540 2001 556 2084 ᾖ
580 2003 622 2064 44
655 2021 781 2082 ,causas
811 2005 916 2068 reddit
945 2005 999 2068 ille
1029 2003 1084 2084 (00.
1108 2005 1218 2085 0010);

96 2125 160 2172 000
183 2109 395 2173 existimamus
418 2109 496 2172 00111
518 2125 586 2172 esse
608 2109 749 2172 dubias“.
793 2108 862 2183 Quo
884 2109 953 2172 loco
968 2108 1089 2172 Plinius
1111 2126 1221 2173 causas

97 2231 120 2276 a
144 2211 265 2276 Catone
286 2215 353 2294 ipso
376 2213 488 2276 0110100
508 2232 571 2277 000
590 2214 778 2289 transcribit,
809 2213 855 2276 ita
876 2218 912 2276 nt
933 2213 1068 2276 Plinium
1092 2212 1220 2277 0010010

95 2318 218 2382 librum
254 2318 423 2399 inspexisse
460 2318 626 2382 verisimile
663 2319 713 2382 sit.
764 2319 817 2380 Me
849 2318 975 2398 quidem
1004 2317 1109 2397 jndice
1140 2318 1219 2382 haec

95 2421 184 2486 effici
207 2426 351 2503 possunt:

188 2526 306 2590 Plinius
329 2525 480 2591 Catonem
501 2545 564 2590 non
585 2528 619 2590 in
640 2527 791 2610 hodierna
811 2524 912 2591 forma
933 2527 1020 2606 legit.

188 2629 364 2694 Verisimile
395 2632 444 2694 est
471 2630 607 2696 Plinium
644 2649 697 2696 eas
726 2631 854 2696 Catonis
886 2633 1073 2707 sententias,
1106 2633 1219 2712 quibus

91 2726 376 2816 interpretationes
398 2734 523 2798 additae
546 2736 616 2812 sint,
640 2755 658 2800 0
681 2736 772 2800 Celso
795 2737 1011 2800 transcribere.

187 2944 409 3008 Varronem
441 2944 560 3008 Plinius
593 2949 625 3006 01
655 2944 689 3006 10
718 2945 820 3008 indice
849 2948 881 3007 et
912 2945 1036 3024 saepius
1065 2944 1098 3006 in
1126 2948 1216 3008 textu

92 3050 217 3113 laudat.

185 3154 213 3217 E
243 3153 393 3217 Varronis
427 3154 467 3217 de
498 3153 564 3218 rita
597 3154 704 3234 populi
733 3154 866 3219 Romani
900 3152 1031 3220 fortasse
1060 3153 1217 3234 permulta

95 3277 209 3323 eorum
231 3263 356 3338 sumpta
378 3263 459 3335 sunt,
481 3275 563 3338 quae
585 3263 693 3322 extant
706 3259 739 3322 in
753 3258 802 3340 ἐξ
817 3263 930 3324 6-14.
960 3259 1082 3322 Deinde
1097 3258 1217 3321 Plinius

95 3365 127 3426 ei
152 3363 246 3427 debet
268 3362 301 3425 in
322 3362 346 3443 §
368 3366 407 3425 17
438 3364 498 3442 „M.
521 3363 622 3427 Varro
644 3399 686 3408 —
708 3367 811 3446 pondo
832 3365 923 3429 Xll“.
968 3363 992 3444 ἕ
1014 3363 1053 3424 56
1083 3361 1215 3442 „spicae

95 3469 153 3547 qui
175 3472 212 3531 ut
233 3485 320 3548 spem
342 3469 391 3531 sui
413 3466 516 3531 fecit“.
553 3466 606 3532 cfr.
630 3469 669 3532 de
682 3469 703 3532 1.
718 3471 740 3535 1.
755 3470 793 3545 V,
809 3468 849 3532 37
871 3474 904 3532 01
925 3469 965 3531 de
987 3487 1012 3530 r.
1027 3486 1052 3531 r.
1068 3465 1094 3542 1,
1117 3464 1170 3541 48,
1185 3467 1215 3530 2.

99 3571 222 3650 ,Varro
246 3605 284 3615 -
308 3589 390 3636 nono
414 3573 520 3635 meti‘.
566 3571 619 3636 cfr.
637 3574 676 3637 de
692 3593 717 3640 r.
733 3594 758 3638 r.
773 3574 798 3651 1,
821 3574 921 3651 32,1.
965 3573 1114 3636 Attamen
1135 3571 1217 3637 siout

94 3676 197 3740 verba
217 3677 334 3740 tradita
352 3681 433 3754 sunt,
457 3695 519 3741 non
536 3683 719 3757 congruunt.
764 3679 885 3744 Keilius
907 3677 1085 3758 (comment.
1106 3695 1136 3757 p.
1160 3673 1215 3752 89)

93 3781 192 3844 Plinii
215 3781 311 3846 verba
338 3787 394 3846 001
423 3783 613 3848 aVarronis
643 3783 711 3847 loco
740 3785 843 3847 011000
872 3788 927 3846 001
948 3782 1097 3847 Varronis
1119 3781 1216 3845 verba

94 3903 211 3966 parunr
233 3892 378 3950 accurate
402 3906 421 3950 a
442 3887 543 3951 Plinio
572 3888 674 3951 relata
704 3906 772 3952 esse
802 3891 916 3952 censet.
961 3886 1116 3967 Equidem
1137 3891 1216 3968 puto

94 4007 264 4054 numerum
285 3989 364 4055 falso
387 3992 608 4071 transcriptum
632 4009 710 4057 esse.
746 3992 805 4055 Illa
830 4000 882 4070 ,01
898 4009 1006 4055 mense
1020 4010 1102 4056 nono
1117 3991 1211 4056 meti“

93 4095 219 4159 Plinius
240 4095 360 4159 invenit
382 4097 504 4159 ratione
527 4099 662 4176 quadarn
684 4096 833 4161 adhibita.
873 4094 989 4160 Scribit
1010 4097 1093 4160 enirn
1114 4098 1214 4162 Varro

90 4200 117 4280 Ι,
144 4197 198 4277 34,
223 4200 239 4262 1
268 4198 382 4278 ,Sexto
404 4201 569 4266 intervallo
592 4204 632 4266 ab
656 4201 851 4283 aequinoctio
874 4201 1048 4266 autumnali
1077 4202 1215 4282 incipere

1022 4299 1057 4352 2*
