3042 4948
568 349 777 414 ..15-

98 522 390 605 Theophrastum?
431 521 501 585 Hoc
523 537 632 584 verum
654 523 717 598 est,
749 518 776 584 si
803 519 836 582 in
858 537 1045 599 unaquaque
1067 518 1232 593 sententia,

101 648 211 711 quam
234 627 483 709 eTheophrasto
506 627 668 690 mutuatus
689 628 750 699 est,
774 622 979 704 Theophrasti
1001 641 1116 687 nomen
1138 641 1234 704 appo-

102 736 239 810 suisset,
262 736 382 796 textum
404 731 488 795 haud
510 731 590 793 bene
606 729 832 810 interrupisset.
868 727 971 793 Semel
985 745 1059 793 vero
1075 731 1234 790 auctorem

102 843 183 902 tam
211 855 305 918 saepe
335 835 510 900 adhibitum
535 834 658 897 laudari
683 833 755 912 J'ure
778 837 1002 914 exspectamus.
1046 832 1129 895 Nam
1151 831 1234 910 quod

104 943 149 1007 in
173 942 274 1006 indice
296 940 443 1005 laudatur
464 937 554 1021 parvi
568 942 616 1001 est
631 938 790 1004 momenti.
823 939 973 1003 Videmus
987 938 1084 1018 igitur
1098 936 1234 1000 Plinium

107 1049 296 1121 auctorem,
330 1063 422 1125 quem
452 1042 633 1124 saepissime
666 1042 862 1118 transcribat,
896 1043 929 1106 in
960 1046 1048 1106 textu
1080 1057 1234 1120 nusquam

109 1167 370 1217 commemorare.
408 1150 475 1212 Nec
495 1167 530 1212 re
552 1165 628 1213 vera
650 1149 735 1212 aliud
752 1144 869 1212 factum
885 1152 932 1211 est
948 1148 1067 1211 auctori
1082 1147 1233 1218 Romano,

110 1274 214 1337 quem
234 1255 369 1320 Plinium
389 1254 439 1317 vel
461 1251 595 1334 saepius,
619 1270 713 1332 quam
729 1251 979 1334 Theophrastum
1001 1253 1143 1315 secutum
1166 1265 1235 1314 esse

111 1363 205 1442 puto,
229 1376 340 1439 nempe
363 1357 510 1423 Cornelio
534 1356 635 1422 Celso.

562 1611 626 1726 Ile
654 1609 791 1694 Celso.

206 1779 317 1844 Celsus
338 1779 475 1859 quinque
497 1779 593 1844 libros
608 1779 649 1842 de
671 1797 705 1842 re
728 1779 845 1844 rustica
867 1776 1007 1858 confecit
1034 1793 1141 1841 omnes
1163 1792 1237 1840 vero

113 1887 277 1951 interiere.
297 1884 367 1948 Jam
384 1902 453 1948 cnm
465 1884 585 1948 Plinius
597 1883 722 1948 Celsum
734 1885 767 1947 in
782 1884 884 1948 indice
899 1885 1007 1948 landet
1018 1899 1120 1962 neque
1131 1885 1238 1945 tamen

114 1993 154 2054 in
176 1995 271 2071 textu,
296 1990 394 2053 oritur
416 1988 568 2068 quaestio,
590 1989 674 2052 unde
698 2008 778 2069 quae
794 1989 885 2055 Celso
902 1990 1076 2053 debeantur
1097 1986 1237 2051 invenia-

114 2113 204 2159 mus.¹
252 2094 413 2158 Permulta
442 2111 460 2156 e
489 2092 582 2158 Celso
611 2080 816 2158 Columellam
847 2097 968 2159 constat
997 2091 1238 2171 transcripsisse,

115 2199 177 2280 qui
198 2217 261 2262 non
282 2199 385 2262 minus
406 2197 619 2275 undetriginta
639 2199 715 2263 locis
737 2197 805 2278 (cfr.
828 2199 853 2275 1,
876 2199 906 2274 8,
929 2199 966 2274 4,
989 2197 1028 2272 Η,
1052 2198 1082 2275 2,
1106 2194 1156 2257 15.
1180 2191 1237 2270 24,

118 2305 154 2382 9,
182 2305 238 2382 11,
271 2304 320 2382 11,
351 2301 472 2383 6,1Π,
505 2302 533 2381 1,
564 2300 601 2380 8,
633 2304 662 2380 2,
693 2304 743 2366 24.
767 2305 817 2366 25.
841 2302 899 2381 31,
931 2301 980 2383 17,
1005 2302 1041 2379 4,
1071 2301 1124 2379 IV,
1149 2297 1178 2374 1,
1203 2298 1238 2374 1;

113 2409 217 2488 8,1,
252 2409 303 2486 10,
336 2407 369 2485 1,
404 2406 453 2486 28,
484 2407 520 2486 2,
554 2406 592 2487 V,
623 2407 653 2483 6,
684 2409 743 2487 22,
776 2408 829 2485 Vl,
857 2407 887 2481 5,
911 2409 946 2487 5,
982 2409 1031 2483 12,
1056 2407 1092 2485 5,
1126 2404 1176 2482 14,
1199 2403 1236 2481 6,

119 2513 196 2590 VII,
219 2515 249 2590 2,
271 2515 307 2592 2,
339 2511 370 2587 3,
396 2511 451 2589 11,
481 2510 511 2587 4,
535 2510 572 2590 8,
602 2511 632 2589 5,
658 2512 712 2590 15,
742 2512 826 2588 VIII,
856 2512 906 2590 13,
936 2515 972 2591 2,
1002 2513 1056 2589 111,
1087 2511 1116 2591 d,
1147 2512 1176 2572 2.
1199 2509 1237 2586 4,

119 2616 153 2693 7,
176 2619 211 2696 2,
237 2618 286 2694 11,
309 2616 346 2694 5,
371 2615 420 2696 14,
444 2616 474 2679 6.
499 2613 553 2697 18)
576 2633 649 2680 eum
671 2617 760 2697 sequi
781 2635 815 2681 se
841 2616 1022 2694 confitetur,
1051 2618 1097 2681 ita
1119 2619 1155 2678 ut
1176 2614 1239 2694 pri-

117 2723 222 2786 mario
249 2723 282 2785 in
311 2724 475 2785 auctorum
508 2722 576 2786 loco
605 2720 730 2786 Celsum
766 2722 912 2787 hahuisse
943 2722 1095 2787 videatur.
1135 2718 1238 2804 Colu-

117 2826 250 2890 mellam
272 2827 368 2906 igitur
388 2844 452 2890 non
474 2826 585 2903 solum,
613 2826 667 2890 uhi
688 2827 756 2908 ipse
785 2844 898 2891 nomen
928 2826 1039 2902 addat,
1066 2825 1121 2888 sed
1144 2824 1239 2887 etiam

118 2933 248 3012 saepius
264 2931 389 2996 Celsum
411 2930 620 2995 transcribere
638 2930 709 3010 jure
729 2931 924 3012 suspicamur
945 2947 1002 2994 nec
1023 2947 1086 2993 non
1108 2928 1241 2991 inveniri

119 3053 215 3116 posse
238 3036 320 3102 Celsi
346 3034 522 3116 fragmenta
550 3034 671 3100 collatis
698 3035 781 3098 inter
810 3053 844 3100 se
865 3035 959 3100 Plinii
988 3039 1021 3098 et
1048 3032 1241 3098 Columellae

120 3141 238 3205 verbis.
294 3139 347 3204 cfr.
378 3140 608 3218 Reitzenstein,
643 3139 682 3202 de
718 3141 903 3221 scriptorum
934 3141 981 3204 rei
1009 3139 1240 3204 rusticae...

120 3245 214 3308 libris
237 3245 417 3326 deperditis,
440 3245 544 3310 Berol.
569 3243 653 3308 1884
672 3265 723 3327 pp.
747 3245 788 3309 38
811 3244 978 3310 6137111.
1024 3245 1066 3308 Et
1087 3243 1173 3307 aliud
1194 3243 1242 3305 in-

123 3349 243 3414 dicium
259 3349 453 3415 Columellae
476 3352 636 3415 debemus.
674 3348 789 3414 Scribit
810 3351 893 3413 enim
908 3348 1083 3414 Columella
1105 3346 1160 3422 IX,
1176 3345 1205 3422 2,
1224 3347 1238 3406 1

125 3454 239 3532 „venio
262 3472 344 3519 nunc
366 3456 407 3518 ad
429 3456 570 3520 alvorum
592 3473 713 3531 curam,
744 3457 783 3520 de
806 3454 918 3536 quihus
940 3470 1041 3534 neque
1064 3451 1243 3530 diligentius

122 3557 293 3638 quicquam
307 3560 444 3641 praecipi
460 3564 571 3642 potest,
594 3578 688 3640 quam
704 3561 742 3624 ah
756 3560 880 3641 Hygino
892 3559 958 3640 Jam
974 3557 1090 3622 dictum
1106 3560 1162 3635 est,
1185 3573 1244 3619 nee

124 3663 268 3727 ornatius
290 3682 384 3744 quam
398 3664 548 3743 Vergilio,
571 3682 629 3728 nee
650 3664 824 3743 elegantius
846 3682 940 3745 qnam
955 3662 1056 3727 Celso.
1102 3660 1244 3739 Hyginus

123 3772 270 3832 veterum
284 3774 446 3833 auctorum
461 3767 716 3851 placitasecretis
732 3768 872 3848 dispersa
882 3767 1081 3835 monimentis
1092 3762 1245 3827 industrie

110 3873 263 3968 collegit,
286 3875 442 3953 Vergilius
456 3874 587 3956 politicis
601 3871 729 3936 floribus
743 3873 940 3953 illuminavit,
957 3870 1066 3935 Celsus
1081 3869 1244 3950 utriusque

124 3980 294 4042 memorati
323 3979 464 4043 adhibuit
485 3977 643 4044 modum“.
674 3975 765 4053 Quod
788 3978 936 4041 indicium
955 3992 1145 4057 quamquam
1161 3973 1245 4054 apud

126 4081 335 4148 Columellam
357 4087 480 4149 tantum
499 4085 538 4148 ad
560 4085 675 4148 librum
698 4083 737 4146 de
760 4083 870 4163 apibus
892 4083 1036 4164 pertinet,
1060 4079 1144 4144 haud
1165 4075 1244 4141 falso

125 4186 225 4252 etiam
248 4189 287 4252 ad
302 4188 440 4268 reliquos
454 4189 550 4253 libros
569 4187 680 4254 referri
698 4205 788 4270 posse
803 4187 971 4253 verisimile
986 4192 1043 4264 est,
1066 4186 1111 4248 ita
1126 4186 1162 4247 ut
1182 4197 1245 4246 non
