3042 4948
746 357 957 420 -.12-

291 528 401 611 (1,50)
423 531 486 596 tria
505 529 596 595 affert
616 545 733 608 genera
746 527 885 592 metendi
901 531 996 608 atque
1010 527 1146 608 priorum
1167 527 1295 609 quidem
1312 528 1415 592 iurum

292 635 426 699 culmum
442 634 522 702 falce
536 635 677 712 secandi;
700 634 814 698 deinde
837 634 938 714 spicas
960 632 1044 696 solas
1065 633 1187 697 serrula
1208 632 1312 698 ferrea
1327 652 1416 699 com-

292 740 519 820 prehendendi;
535 741 670 820 denique
681 739 818 804 medium
829 743 1036 804 stramentum
1052 739 1246 804 subsecandi.
1270 739 1416 816 Quorum

291 861 440 923 generum
463 847 526 910 duo
553 844 728 910 Columella
756 845 905 910 describit
924 843 964 922 ΙΙ,
987 844 1038 920 20,
1061 843 1092 906 3.
1142 842 1234 924 Apud
1263 848 1415 908 neutrum

290 949 450 1014 invenitur
476 954 622 1030 quartum
653 967 768 1029 genua,
797 949 881 1029 quod
903 948 1022 1013 Plinius
1044 945 1144 1025 affert,
1177 949 1311 1029 stIpulas
1340 967 1415 1013 cum

291 1053 396 1117 radice
418 1054 563 1120 vellendi.
587 1056 692 1119 Etiam
714 1054 747 1117 irr
768 1053 807 1117 iis
827 1053 1040 1135 paragraphis,
1063 1071 1140 1134 quas
1162 1054 1202 1118 de
1223 1054 1291 1134 Ipsa
1309 1071 1416 1118 messe

292 1158 425 1240 scripsit,
448 1159 567 1225 Plinius
589 1160 770 1241 saepissime
793 1159 918 1224 Celsum
940 1158 1065 1222 videtur
1087 1159 1185 1240 sequi.
1230 1157 1268 1222 cf,
1286 1157 1353 1224 Col.
1369 1157 1413 1236 II,

292 1261 344 1340 ao,
368 1262 397 1325 4.
421 1264 450 1326 a.
475 1264 503 1326 r.
527 1265 580 1342 vr,
603 1265 632 1341 3,
656 1264 685 1328 a.
738 1265 840 1329 rana
869 1267 918 1328 est
947 1281 1052 1328 rerum
1080 1263 1265 1341 samaritano,
1297 1269 1333 1326 ut
1360 1263 1415 1326 vix

292 1366 419 1448 credam
441 1385 488 1445 ea,
520 1387 601 1449 quae
623 1370 706 1452 apud
733 1369 939 1435 Columellam
961 1369 1074 1450 desint,
1104 1387 1124 1432 a
1152 1369 1253 1433 Plinio
1282 1368 1415 1432 aliunde

292 1473 392 1553 petita
421 1491 498 1538 esse.
551 1475 697 1540 Ceterum
720 1474 895 1540 Columella
923 1475 958 1538 in
985 1475 1025 1538 iis
1052 1474 1207 1554 capitibus
1227 1473 1300 1538 libri
1321 1473 1415 1550 sexti,

293 1577 347 1640 ubi
362 1577 428 1657 agit
445 1579 485 1642 de
507 1580 609 1644 bubus
629 1581 786 1661 boumque
808 1597 892 1656 cura,
916 1583 1042 1660 praeter
1055 1580 1221 1659 Magonem
1238 1582 1271 1642 et
1285 1576 1416 1642 Celsum

293 1687 453 1747 auctorem
475 1684 596 1749 nullum
618 1685 737 1750 laudat.
781 1684 817 1747 Irr
839 1681 1073 1765 §5301-303
1094 1683 1186 1748 Celso
1208 1684 1285 1749 baec
1305 1683 1417 1748 deberi

292 1788 439 1854 videatur
474 1789 605 1869 „borrea
633 1807 764 1872 operose
787 1825 827 1833 —
849 1789 1100 1867 inimicissIma“;
1134 1790 1167 1852 ni
1188 1787 1271 1854 forte
1303 1789 1418 1853 credas
1502 1799 1503 1806 ’

298 1894 369 1972 ,alii
386 1929 424 1936 -
440 1895 670 1976 septentrione“
696 1896 879 1961 eVarronis
900 1895 925 1973 Ι,
949 1893 1000 1970 57,
1025 1895 1041 1956 1
1066 1897 1191 1976 sumpta
1213 1911 1291 1959 esse.
1321 1892 1416 1969 Quod

294 1996 361 2062 fieri
391 2000 501 2080 potuit.
555 2000 702 2066 Ceterum
732 2002 878 2082 equidem
906 2002 951 2064 sic
978 2000 1199 2081 interpungam
1235 2048 1271 2079 ,.
1297 2046 1304 2060 .
1329 2049 1337 2064 .
1361 2002 1419 2062 aut

294 2101 447 2169 fenestras
469 2106 584 2171 habere
606 2107 687 2172 ullas
710 2141 751 2151 —-
774 2107 827 2170 alii
857 2107 896 2171 ab
927 2108 1037 2170 exortu
1065 2108 1189 2169 tanturn
1219 2104 1337 2168 aestivo
1361 2109 1419 2167 aut
1503 2157 1504 2188 ,

294 2211 506 2290 septentrione
525 2249 561 2256 -
578 2229 678 2291 eaque
693 2212 785 2278 etc.“.
821 2210 967 2277 Fortasse
982 2209 1116 2275 Varroni
1130 2209 1244 2274 deinde
1262 2210 1421 2274 debentur
1503 2235 1504 2238 ¹

299 2313 391 2391 ,alibi
414 2351 449 2358 -
478 2313 607 2380 fundo“.
651 2315 706 2381 cfr.
721 2317 745 2393 l,
769 2315 819 2396 57,
844 2319 874 2380 2.
907 2316 1020 2380 deiude
1035 2315 1126 2380 Celso
1151 2315 1222 2394 ,alii
1240 2313 1420 2379 -confer-

296 2421 440 2483 vescere“
480 2426 513 2484 et
544 2426 636 2500 ,sunt
664 2422 718 2501 qui
752 2458 792 2466 -
817 2420 981 2503 jubeant“.
1034 2420 1228 2486 Columellas
1260 2420 1420 2484 debentur·

301 2525 409 2603 ,multi
432 2525 585 2591 ventilare
614 2561 654 2570 -
686 2526 886 2592 siccissimum
909 2525 1057 2606 alioqui“.
1102 2523 1155 2590 cfr.
1179 2525 1203 2602 I,
1228 2524 1332 2602 o,16.
1357 2522 1419 2600 17;

296 2629 337 2708 ΙΙ,
360 2631 411 2707 20,
434 2632 464 2694 5.
513 2630 628 2697 Scribit
656 2632 739 2696 enim
762 2632 881 2696 Plinius
907 2630 1100 2710 ,Columella
1121 2631 1183 2694 et“.
1221 2629 1276 2694 cfr.
1300 2628 1317 2710 ᾖ
1341 2628 1418 2694 303.

296 2735 360 2816 ipsi
375 2736 476 2802 Plinio
499 2738 654 2802 debentur
672 2755 752 2818 quae
773 2738 806 2800 iu
826 2735 889 2801 fine
909 2739 1040 2801 exstant.
1081 2734 1181 2817 §308
1200 2739 1291 2815 „sunt
1304 2735 1359 2815 qui
1371 2767 1416 2778 -

297 2842 470 2920 unguant‘t
520 2843 607 2907 Haec
634 2861 651 2908 e
675 2843 766 2908 Celso
795 2846 926 2924 possunt
954 2845 1078 2922 sumpta
1100 2859 1179 2906 esse.
1222 2839 1275 2906 cfr.
1298 2839 1338 2917 11,
1365 2839 1418 2914 10,

299 2948 348 3011 16.
392 2948 470 3014 Cato
493 2966 519 3014 c.
541 2947 610 3011 116.
656 2948 804 3013 Ceterum
825 2947 945 3012 Plinius
967 2947 1049 3011 male
1071 2948 1179 3012 scribit
1204 2945 1416 3025 ,leguminum

297 3053 455 3129 acervos“,
479 3071 548 3116 cum
572 3058 684 3132 agatur
704 3072 739 3118 re
759 3071 834 3118 vera
855 3054 895 3118 de
915 3053 1001 3116 lente
1026 3053 1197 3117 condenda.
1242 3049 1296 3116 cfr.
1319 3051 1418 3114 etiarn

301 3157 382 3236 ,alii,
412 3158 466 3237 qui
488 3158 603 3220 lentem
627 3156 718 3221 etc.“.
772 3155 943 3238 1115309
973 3156 1105 3222 fortasse
1137 3156 1228 3222 Celso
1262 3156 1420 3220 debentur

302 3261 387 3342 ,eius
409 3267 627 3341 argumentum
656 3266 749 3326 erunt
770 3263 850 3326 acini
873 3263 977 3327 colore
998 3261 1141 3328 mutati“.
1192 3260 1246 3326 cIr.
1270 3259 1337 3325 Col.
1359 3257 1418 3337 XI,

298 3369 328 3446 2,
352 3366 402 3431 69.
447 3367 484 3431 In
512 3364 620 3447 §314
649 3367 769 3431 Plinius
791 3367 917 3432 Celsum
946 3368 1098 3434 adhibuit.
1149 3366 1204 3433 cfr.
1226 3364 1285 3441 XI,
1308 3365 1338 3444 2,
1364 3362 1419 3426 71.

300 3472 351 3536 72.
375 3472 424 3536 83.
469 3471 554 3537 Fieri
576 3477 693 3555 potest,
723 3477 759 3536 ut
779 3492 827 3552 ea,
850 3492 932 3554 quae
952 3475 1072 3540 Plinius
1092 3475 1131 3538 de
1153 3473 1264 3538 fronde
1287 3485 1417 3552 praepa-

298 3579 399 3644 randa
413 3579 529 3656 scribit,
553 3579 635 3660 apud
651 3577 777 3642 Celsum
799 3597 917 3645 conexa
934 3580 1052 3646 fuerint
1066 3597 1136 3645 cum
1156 3580 1204 3655 iia,
1226 3594 1306 3658 quae
1322 3573 1418 3639 Colu-

298 3686 393 3752 mella
415 3683 506 3750 adert
524 3685 557 3748 in
581 3682 598 3766 ἓ
615 3683 666 3748 88.
706 3684 794 3764 Quae
816 3691 940 3752 exstant
960 3688 994 3750 in
1010 3684 1048 3768 ξς
1065 3681 1236 3748 ers-319
1260 3681 1334 3762 ,sed
1350 3679 1419 3759 Jam

299 3790 348 3854 et“
375 3789 502 3856 eCelso
525 3794 636 3854 cuncta
657 3793 756 3871 petita
778 3810 846 3858 esse
867 3797 943 3873 puto
966 3792 1103 3872 exceptis
1124 3789 1173 3853 bis
1197 3787 1279 3868 ,jam
1300 3785 1419 3866 passim

299 3896 367 3976 rapi
390 3912 483 3960 cerno
506 3893 539 3976 (ᾗ
562 3894 671 3977 315)“.
710 3898 807 3962 Miror
829 3897 984 3977 equidem,
1006 3895 1091 3976 quod
1113 3890 1288 3960 Columella
1309 3890 1420 3957 vinde·

300 4000 417 4064 mlandi
446 4001 533 4065 nullo
561 4002 630 4067 loco
653 4007 830 4067 accuratam
851 4001 1005 4066 rationem
1026 4001 1145 4066 habuit.
1194 3998 1305 4078 Neque
1333 3995 1421 4058 enirn

299 4106 465 4186 quicquam
501 4106 560 4169 nisi
596 4107 786 4172 maturitatis
822 4111 1039 4186 argumentum
1073 4106 1187 4171 attulit.
1232 4099 1287 4167 cfr.
1309 4101 1364 4182 XI,
1389 4103 1423 4180 2,

300 4207 437 4274 67-70.
467 4207 614 4274 Cetemm
630 4210 805 4276 Columella
826 4210 880 4274 ubi
902 4212 968 4291 agit
989 4213 1028 4277 de
1044 4209 1207 4275 vinearum
1221 4208 1424 4274 institutIone
