3042 4948
769 341 977 404 -32-

303 512 417 592 J'usque
440 511 598 574 intervalli
622 510 832 574 calendarium
857 528 986 590 parvum
1010 510 1143 574 exhibet.
1179 510 1274 574 Primi
1297 509 1424 588 quidem

305 615 462 679 intervalli
486 616 698 680 calendarium
721 615 835 678 omisit.
880 614 951 680 ‚lam
974 615 1074 679 oritur
1096 615 1235 693 quaestio
1257 631 1425 694 quemnam

307 719 487 785 adhibuerit
508 725 676 788 auctorem.

395 825 477 891 Ante
499 826 674 890 Varronem
704 842 795 887 nemo
826 829 874 888 est
903 842 996 904 quern
1017 824 1082 888 tale
1105 824 1178 903 quid
1201 827 1320 887 constet
1343 838 1424 885 com-
1485 809 1486 828 ³

307 931 450 1010 posuisse
473 932 580 1011 lingua
602 928 667 992 scil.
688 928 796 992 latina.
846 929 895 992 De
916 931 983 1010 ipso
1006 929 1146 994 Varrone
1175 945 1272 1008 pauca
1292 926 1424 990 dicenda

309 1041 391 1101 sunt.
445 1036 546 1100 Varro
579 1052 695 1098 annum
724 1034 770 1097 ita
799 1034 977 1112 distinguit:
1013 1035 1147 1115 primum
1179 1031 1377 1097 intervallum
1407 1049 1424 1092 a
1486 1079 1487 1090 ,

309 1138 434 1206 favonio
458 1141 498 1205 ad
529 1139 758 1220 aequinoctium
782 1156 929 1216 vernum3
963 1139 1132 1202 secundum
1163 1138 1202 1202 ab
1229 1136 1423 1216 aequinoctio

310 1263 406 1309 veruo
429 1246 469 1310 ad
493 1243 692 1323 vergiliarum
714 1247 873 1319 exortum3
905 1243 1032 1306 tertium
1055 1261 1074 1305 a
1095 1242 1289 1320 vergiliarum
1313 1245 1424 1303 exortu

309 1350 349 1412 ad
374 1350 561 1426 solstitiu1n;
592 1352 737 1427 quartum
761 1365 780 1410 a
802 1348 934 1411 solstitio
961 1349 1000 1411 ad
1023 1347 1211 1426 caniculam3
1241 1345 1383 1426 quintum
1407 1362 1423 1405 a
1487 1397 1488 1408 ,

311 1453 451 1516 canicula
473 1453 513 1517 ad
537 1453 767 1532 aequinoctium
791 1453 986 1530 autumnale;
1018 1457 1139 1516 sextum
1162 1452 1201 1514 ab
1231 1448 1423 1528 aequinoctio

311 1557 484 1620 autumnali
509 1559 547 1620 ad
571 1558 770 1633 vergiliarum
794 1575 952 1636 occasum3
976 1557 1141 1637 septimum
1164 1557 1204 1619 ab
1229 1552 1423 1633 vergiliarum

311 1677 422 1724 occasu
444 1661 483 1724 ad
507 1662 666 1739 bruman1;
699 1667 841 1726 octavum
865 1681 884 1724 a
905 1663 1016 1726 bruma
1038 1661 1077 1724 ad
1099 1658 1265 1724 favonium.
1303 1658 1423 1722 Plinius
1488 1723 1489 1742 χ

311 1770 420 1828 contra
441 1765 518 1828 haec
540 1767 690 1846 temporis
712 1767 814 1846 spatia
836 1766 976 1831 exhibet:
1000 1765 1238 1844 avergiliarum
1258 1779 1364 1828 occasu
1383 1762 1422 1824 ad

311 1870 453 1932 brumam
485 1868 552 1947 (cfr.
578 1867 616 1948 ἐξ
642 1869 704 1931 223
734 1875 767 1933 et
790 1870 882 1950 234);
921 1890 940 1934 a
968 1871 1079 1934 bruma
1107 1870 1139 1933 in
1170 1868 1324 1934 favonium
1354 1865 1420 1945 (cfr.

313 1971 330 2046 ,d
356 1973 449 2053 234);
481 1993 500 2038 a
522 1972 647 2038 favonio
670 1974 701 2037 in
724 1976 955 2054 aequinoctium
979 1993 1108 2038 vernum
1131 1971 1199 2053 (ci.
1224 1972 1241 2054 ᾖ
1265 1971 1355 2052 237);
1386 1973 1423 2033 ab

311 2078 509 2157 acquinoctio
533 2096 629 2141 verno
652 2079 690 2141 ad
707 2080 906 2156 vergiliarum
929 2085 1071 2143 exortum
1094 2077 1139 2157 (cl
1154 2126 1160 2140 .
1177 2076 1194 2158 ἓ
1209 2076 1301 2156 246);
1324 2093 1423 2142 aver-

311 2183 456 2256 giliarum
481 2189 590 2246 exortu
614 2183 652 2247 ad
676 2183 842 2247 solstitium
866 2184 933 2263 (cir.
951 2181 989 2263 ἐξ
1008 2182 1069 2246 253
1092 2187 1125 2247 et
1139 2182 1231 2261 268)3
1255 2202 1274 2245 a
1295 2181 1423 2246 solstitio

312 2287 351 2349 ad
375 2286 519 2351 fidiculae
542 2304 683 2350 occasum
708 2285 775 2365 (cfr.
795 2285 812 2367 ἓ
829 2287 922 2366 268);
946 2285 1123 2352 afidiculae
1138 2305 1248 2351 occasu
1267 2287 1306 2350 ad
1322 2286 1423 2364 aequi-

310 2391 447 2455 noctium
472 2388 538 2468 (cfr.
564 2387 695 2469 §309);
720 2392 760 2455 ab
782 2392 978 2473 aequinoctio
1000 2392 1040 2455 ad
1063 2391 1262 2469 vergiliarum
1285 2407 1423 2456 oceasum

313 2491 380 2572 (cf.
406 2491 423 2573 ἕ
448 2493 534 2572 309).
591 2494 680 2558 Unde
703 2497 853 2574 sequitur,
883 2501 920 2561 ut
941 2497 1041 2562 Varro
1064 2500 1172 2560 auctor
1193 2513 1260 2559 esse
1283 2499 1423 2577 nequeat.

312 2596 354 2660 At
383 2615 423 2660 ne
453 2616 581 2679 operum
610 2600 736 2679 quidem
765 2604 940 2679 catalogum
973 2603 1092 2666 Plinius
1124 2620 1142 2663 e
1171 2601 1311 2674 Varrone
1343 2604 1424 2662 tran·
1491 2635 1492 2644 κ

312 2703 446 2782 scripsit.
479 2703 557 2766 Tres
579 2709 652 2767 sont
674 2707 870 2786 paragraphi,
893 2707 947 2770 ubi
970 2707 1055 2770 dicas
1075 2707 1248 2771 Varronem
1271 2707 1424 2767 auctorem

312 2824 389 2870 esse.
437 2806 587 2873 Conferas
609 2829 690 2891 quae
712 2816 836 2875 exstant
857 2812 889 2874 in
912 2810 929 2892 ξ
952 2811 1015 2874 230
1040 2859 1074 2889 „.
1091 2858 1119 2872 ..
1136 2810 1189 2874 ubi
1212 2809 1348 2892 patietur
1370 2807 1426 2871 loci

311 2911 401 2990 ratio,
426 2914 554 2977 arbusta
576 2933 612 2978 ac
627 2915 734 2978 vineas
755 2921 877 2996 putare,
901 2916 999 2980 solum
1019 2915 1193 2979 seminariis
1208 2913 1323 2994 bipalio
1338 2929 1425 2993 prae·

311 3033 431 3094 parare,
455 3016 561 3080 incilia
584 3020 714 3098 aperire,
739 3038 852 3099 aquam
876 3021 914 3083 de
937 3038 1011 3100 agro
1027 3020 1153 3101 pellere,
1174 3018 1310 3082 torcular
1323 3018 1427 3081 lavare

312 3123 345 3180 et
377 3119 578 3184 recondere“.
633 3120 686 3186 cl.
717 3123 818 3186 Varro
848 3142 872 3185 r.
896 3142 921 3185 r.
943 3122 976 3198 Ι,
1007 3123 1065 3204 35,
1095 3122 1138 3186 21
1180 3121 1296 3200 „fossas
1333 3137 1425 3184 novas

311 3219 429 3295 fodere,
461 3228 583 3286 veteres
605 3231 739 3303 tergere,
762 3227 868 3289 vineas
891 3227 1115 3307 arbustumque
1135 3278 1142 3290 .
1160 3278 1166 3292 .
1184 3227 1210 3289 .“
1235 3226 1258 3300 Ι,
1282 3225 1343 3288 362
1372 3224 1426 3302 „dc

312 3326 479 3404 segetibus,
504 3327 594 3406 siqua
616 3334 664 3393 est
687 3347 777 3408 aqua,
801 3329 929 3407 deduci3
953 3330 1000 3393 sin
1023 3332 1177 3396 siccitates
1199 3336 1271 3396 sunt
1294 3335 1327 3393 et
1346 3334 1426 3392 terra

312 3431 556 3495 teneritudinem
580 3433 684 3510 habet,
708 3434 814 3496 sarire.
836 3434 943 3498 vineas
961 3437 1149 3516 arbustaque
1171 3434 1311 3517 putare.“
1348 3433 1425 3506 Gon-

312 3529 395 3597 leras
417 3540 523 3599 tamen
547 3554 585 3599 ea
607 3555 740 3617 quoque,
764 3556 844 3617 quae
859 3540 1033 3603 invenimus
1055 3542 1137 3621 apud
1155 3540 1358 3605 Columellam
1375 3536 1425 3608 xl,

313 3637 343 3712 2,
361 3635 432 3700 79⁸.
474 3638 666 3718 „Seminaria
688 3659 819 3706 runcare
842 3649 874 3708 et
896 3642 1002 3708 fodere
1024 3649 1148 3725 tempus
1171 3651 1227 3720 est,
1250 3648 1316 3708 tum
1334 3643 1426 3705 etiam

315 3743 443 3806 arbores
466 3743 655 3823 ablaqueare
677 3763 733 3809 nec
756 3748 857 3812 minus
878 3748 986 3812 vineas
1005 3749 1193 3830 easdemque
1215 3754 1326 3831 putare
1341 3749 1427 3810 item·

314 3861 374 3921 quo
389 3846 421 3908 in
437 3848 572 3911 arbustis
589 3850 683 3912 vitem
703 3850 864 3930 deputare.
902 3850 1084 3930 Seminane,
1108 3871 1188 3933 quae
1211 3871 1267 3916 suo
1290 3858 1427 3931 ternpore

316 3961 519 3973 -u--q-

401 4010 409 4042 ¹
430 4012 571 4067 Intervalla
589 4015 713 4083 temporis
731 4026 884 4084 congruunt.

401 4097 412 4132 ²
430 4100 571 4154 Intervalla
588 4103 713 4170 temporis
731 4119 784 4158 non
803 4111 956 4174 congruunt.

400 4185 412 4218 ³
430 4188 570 4242 Intervalla
588 4191 715 4258 temporis
733 4201 887 4259 congruunt.
