3042 4948
762 365 971 432 ,34-

304 533 408 613 rigare
426 538 517 616 prata
531 536 719 617 aequinoctii
734 538 845 604 diebus
965 538 1021 606 cfr.
1042 540 1142 606 Varro
1166 542 1190 622 1,
1214 539 1255 602 30
1278 539 1311 622 (i.
1340 545 1367 606 t.
1396 541 1440 620 c.)

303 639 428 721 primis,
468 658 538 707 cum
576 641 674 707 herba
713 643 846 707 creverit
884 644 1187 722 „protelarentur

303 744 337 807 in
357 742 517 823 festucam,
541 763 647 811 arcere
669 765 774 828 aquas,
967 747 1063 814 Vides
1086 751 1220 817 Plinium
1250 758 1346 838 plura
1379 761 1436 829 hn-

880 853 965 917 bere.
1015 853 1080 921 Col.
1115 859 1226 922 eodem
1258 863 1437 934 intervallo

881 955 1036 1023 foenificia
1058 961 1250 1030 instituenda
1267 987 1336 1035 esse
1355 991 1433 1038 cerr·

881 1067 940 1128 oet.
985 1063 1039 1130 cfr.
1064 1065 1118 1148 XI,
1142 1070 1172 1147 2,
1195 1071 1248 1136 40.

303 1171 428 1234 vineam
450 1171 633 1252 pampinare
656 1205 697 1216 ——
720 1176 753 1236 et
773 1171 846 1236 huic
965 1167 1020 1234 cfr.
1029 1171 1161 1251 Vareni,
1174 1176 1225 1254 31,
1240 1178 1255 1240 1
1268 1180 1377 1260 (itu.
1389 1185 1432 1265 c.)

302 1275 354 1339 lex
390 1294 463 1340 sua:
504 1293 575 1339 cum
614 1277 753 1358 pampini
783 1277 845 1341 llll
884 1274 980 1354 „vites
997 1279 1183 1358 pampinari,
1200 1284 1255 1346 sed
1271 1303 1292 1348 a
1306 1287 1432 1354 sciente

305 1380 623 1462 digitoslongitudine
636 1382 845 1462 expleverint3
882 1378 966 1459 (nam
989 1380 1022 1445 id
1045 1401 1138 1462 quam
1161 1391 1274 1466 putare
1298 1394 1430 1474 majus),

302 1486 787 1568 pampinatunaoperajugerum
794 1523 845 1569 -‚
880 1502 982 1564 neque
1004 1486 1036 1550 in
1051 1489 1188 1567 arbusto,
1212 1495 1267 1578 secl
1284 1497 1317 1560 iu
1332 1501 1429 1565 vinea

879 1588 978 1654 fieri“.
1030 1591 1084 1658 cir.
1117 1593 1183 1660 Col.
1216 1597 1277 1677 XI,
1311 1605 1345 1680 2,
1384 1606 1429 1668 38

880 1694 914 1774 (i.
938 1700 961 1759 t.
984 1698 1033 1776 c).

302 1807 425 1881 segetes
439 1803 564 1867 iterare.
593 1803 725 1866 sarritur
737 1802 846 1885 diebus
966 1800 1020 1865 cf.
1045 1803 1144 1869 Varro
1165 1807 1191 1886 1,
1213 1809 1256 1872 30
1279 1811 1311 1892 (i.
1335 1819 1356 1877 l.
1383 1817 1427 1894 c.)

304 1907 373 1972 XX.
414 1908 453 1972 ab
492 1908 689 1988 aequinoctio
722 1913 846 1972 sartura
884 1911 1024 1985 „segetes
1046 1911 1189 1990 runcari,
1220 1915 1252 1978 id
1282 1922 1329 1982 est
1351 1919 1426 1983 her-

303 2031 417 2078 nocere
456 2017 488 2076 et
528 2014 638 2078 vineae
678 2018 710 2078 et
747 2013 845 2092 segeti
880 2015 952 2077 bam
986 2031 1003 2075 e
1032 2016 1190 2093 segetibus
1225 2025 1425 2103 expurgari“.

304 2118 508 2184 existimatur.
880 2117 934 2183 cfr.
959 2117 1026 2182 Col.
1050 2118 1111 2196 Xl,
1143 2123 1179 2197 2,
1210 2123 1252 2186 to
1279 2125 1359 2206 (it.
1386 2131 1427 2210 c).

882 2224 978 2288 Vides
1005 2224 1139 2289 Plinium
1169 2232 1304 2310 utroque
1334 2235 1428 2315 plura

881 2329 1037 2392 exhibere.

304 2439 337 2496 et
359 2450 433 2497 oves
455 2434 582 2496 lavandi
596 2435 655 2497 hoc
669 2433 753 2497 idem
768 2436 845 2495 tem·
966 2434 1053 2497 Haec
1072 2436 1155 2515 apud
1171 2436 1347 2506 Varronem
1364 2464 1428 2509 non

304 2555 363 2619 pus
386 2537 462 2602 est“.
879 2539 1089 2603 inveniuntur.
1122 2540 1174 2605 cfr.
1190 2542 1255 2608 Col.
1269 2547 1321 2628 XI,
1338 2553 1368 2628 2,
1387 2553 1427 2615 35

882 2644 914 2722 (i.
931 2649 954 2707 t.
972 2643 1012 2726 c.)
1049 2663 1140 2723 „oves
1164 2647 1352 2718 Tarentinae
1378 2677 1427 2720 ra·

882 2750 950 2812 dice
972 2749 1093 2813 lanaria
1115 2752 1213 2818 lavari
1238 2759 1366 2843 debent,
1392 2767 1427 2826 ut

881 2860 1029 2920 tonsurae
1051 2865 1307 2938 praeparentur“.

387 2950 508 3032 Quibus
519 2956 595 3020 locis
609 2954 731 3020 collatis
742 2953 844 3020 facere
988 2993 989 2996 =

302 3079 365 3124 nou
380 3079 516 3141 possum,
532 3060 608 3140 quin
623 3061 717 3140 plane
734 3079 844 3140 negem

302 3164 491 3229 breviarium
518 3164 668 3229 Varronis
697 3183 716 3228 a
743 3165 844 3230 Plinio
968 3235 969 3238 ,

301 3269 524 3351 transcriptum
547 3287 624 3332 esse.

366 3375 509 3440 ‘Scimus
558 3380 628 3456 post
670 3377 844 3441 Varronem

302 3480 335 3544 C.
347 3481 367 3544 J
370 3481 410 3544 ul.
427 3479 585 3562 Hyginum
600 3483 640 3546 de
655 3483 845 3561 agricultura

301 3585 416 3650 librum
453 3587 674 3667 composuisse.
729 3587 789 3664 Qui
827 3609 846 3652 a

304 3688 479 3756 Columella
512 3692 676 3773 Plinioque
707 3728 747 3738 -
788 3681 844 3758 mi-

301 3796 423 3860 rlssima
440 3815 504 3871 ¹res
531 3833 572 3845 -
601 3798 692 3864 unico
721 3800 790 3866 loco
812 3806 845 3863 et

301 3900 411 3963 eodem
433 3903 580 3968 breviarii
597 3905 753 3970 laudatur.
787 3905 843 3969 At-

302 4021 362 4085 que
380 4005 514 4086 primum
530 4027 646 4089 quaeso
661 4011 747 4090 legas
762 4029 843 4092 quae

302 4111 386 4192 apud
402 4110 536 4176 Plinium
557 4119 681 4182 exstant
695 4117 728 4180 in
746 4112 762 4195 ἓ
780 4116 841 4180 232
875 4171 877 4176 .

306 4215 385 4291 „Per
399 4217 542 4281 brumam
558 4218 653 4282 vitem
676 4239 716 4284 ne
739 4222 842 4290 colito.
858 4273 860 4276 -
