3042 4948
761 357 970 422 ..23-

304 547 355 602 eo,
385 527 468 610 quod
499 545 598 610 pauca
627 527 709 610 apud
733 527 939 592 Columellam
968 527 1082 592 similia
1103 527 1356 598 inveniuntur,
1389 543 1440 586 uon
1497 535 1498 548 ¹

303 633 453 712 sequitur,
476 641 512 698 ut
528 631 645 697 Plinius
667 631 762 696 alium
785 639 879 712 atque
899 631 1026 696 Celsum
1048 632 1240 696 adhibuerit
1267 635 1442 693 auctorem.
1497 639 1498 684 l

303 743 327 809 ,ι’
349 741 410 802 139
442 755 517 814 „nec
546 737 610 800 ervi
642 771 681 780 -
703 737 822 802 aiuut“.
877 735 931 801 cir.
955 736 994 810 11,
1019 736 1068 810 12,
1091 737 1128 816 33
1153 737 1206 816 10,
1238 736 1302 798 34.
1364 735 1444 796 Haec
1497 745 1498 790 l

304 843 416 922 partim
432 843 533 918 Celso,
557 841 671 922 partim
686 840 787 906 Plinio
808 843 971 906 debentur.
1009 841 1126 904 Ervum
1149 861 1183 905 re
1201 859 1297 904 vera
1322 839 1445 918 (secun
1496 896 1497 909 ,

304 948 378 1012 dum
402 947 620 1012 Columellam)
650 946 784 1028 aurrplius
812 965 904 1026 quam
934 945 1014 1010 vicia
1042 953 1193 1010 runcatur
1229 953 1274 1010 et
1303 945 1445 1008 sarritur.

304 1051 359 1116 eir.
382 1053 449 1116 Col
472 1051 512 1126 ΙΙ,
539 1053 586 1126 12,
609 1049 639 1112 3.
691 1051 753 1114 dut
776 1049 898 1218 Plinius
917 1052 982 1114 ervi
1004 1069 1110 1115 curam
1134 1053 1200 1115 obit
1186 1056 1246 1114 ter
1275 1045 1447 1127 descripsit

305 1163 358 1222 aut
387 1157 501 1220 excidit
541 1155 636 1232 „sarri
639 1157 708 1218 t·“m
745 1160 860 1235 post„
922 1155 1037 1218 ,nd
1074 1157 1225 1234 caligines
1275 1153 1446 1218 oculomm

305 1261 564 1326 medicamentum
588 1260 808 1340 transcriptum
830 1277 849 1322 e
865 1160 1102 1324 commentariis
1123 1259 1282 1324 Caesaris
1307 1254 1447 1335 Augusti

304 1366 462 1431 invenitur
484 1366 595 1429 Pseud.
618 1364 696 1428 Pliu.
720 1364 760 1426 de
783 1366 863 1428 med.
886 1365 984 1441 Ι,18.
1041 1362 1146 1444 §140
1178 1371 1230 1443 „et
1267 1363 1385 1427 silicia
1407 1393 1448 1400 —

306 1471 533 1546 neuleuentiat
586 1468 640 1534 66.
664 1469 703 1545 ΙΙ,
737 1470 793 1546 10,
823 1469 873 1534 33.
925 1468 1034 1533 Celsus
1066 1474 1170 1551 potest
1202 1473 1331 1533 auctor
1367 1483 1446 1528 esse.

306 1578 393 1650 0666
425 1579 573 1638 secuntur
604 1591 702 1654 usque
734 1575 774 1638 ad
799 1571 815 1652 ,6
840 1572 902 1636 143
935 1575 1017 1654 apud
1047 1574 1256 1637 Columellam
1293 1591 1364 1636 non
1399 1571 1447 1632 in·

306 1679 481 1742 veniuntur.
528 1679 753 1744 Describuntur
774 1680 875 1743 secale
901 1683 933 1743 et
955 1678 1087 1757 farrago.
1132 1678 1226 1754 Quod
1250 1674 1445 1744 Columella

306 1784 407 1848 secale
436 1802 498 1848 non
529 1783 634 1856 affert,
664 1784 740 1848 baec
761 1785 853 1848 velim
877 1785 1055 1847 memineris
1080 1785 1287 1864 „pabulorum
1313 1798 1444 1862 genera

306 1890 465 1968 complura
488 1935 495 1948 .
520 1939 527 1952 .
551 1935 558 1949 .
583 1907 653 1952 nam
677 1893 781 1953 cetera
804 1907 905 1968 neque
927 1906 1111 1953 enumerare
1134 1906 1170 1952 66
1190 1890 1299 1954 minus
1322 1901 1437 1952 serere

306 1993 501 2070 dianamur“.
553 1992 606 2056 cir.
630 1992 697 2057 Col.
720 1993 760 2069 ΙΙ,
791 1993 840 2068 10,
870 1994 920 2056 24.
976 1994 1023 2056 De
1056 1993 1210 2073 farragine
1247 1990 1439 2060 Columella

306 2098 397 2178 plura
418 2097 512 2162 babet
535 2116 636 2178 neque
653 2103 759 2161 tamen
781 2115 832 2173 ea,
856 2116 936 2178 quae
959 2099 1077 2163 Plinius
1100 2117 1118 2162 e
1140 2099 1230 2163 Celso
1254 2099 1436 2180 sumpsisse
1494 2081 1495 2096 ¹

306 2203 438 2266 uidetur.
491 2202 652 2282 Ejusmodi
682 2203 764 2265 enim
793 2209 881 2275 sunt,
916 2208 952 2266 ut
973 2203 1107 2266 Plinium
1131 2222 1169 2267 ea
1190 2207 1275 2284 apud
1298 2205 1436 2270 Celsum
1490 2266 1494 2285 s

305 2309 460 2370 invenisse
493 2308 605 2371 merito
638 2309 813 2371 concludas.
872 2306 959 2382 Quae
995 2310 1034 2371 de
1071 2310 1190 2372 medica
1226 2315 1363 2374 exstant
1401 2307 1432 2368 in

306 2410 354 2488 ,66
369 2413 533 2472 141-118
554 2429 572 2473 6
595 2411 686 2476 Celso
709 2417 741 2474 et
765 2412 952 2476 Dioscoridis
975 2417 1100 2476 auctore
1122 2418 1155 2476 et
1176 2414 1270 2477 tertio
1294 2420 1433 2479 auctore

307 2514 438 2577 collecta
467 2514 613 2577 videntur
644 2533 721 2580 esse
766 2516 820 2580 66.
855 2517 949 2579 etiam
979 2514 1104 2596 §96„
1110 2536 1230 2581 sesama
1263 2521 1302 2584 ab
1341 2517 1432 2582 Indis
1490 2550 1491 2561 κ

309 2620 456 2682 venit—
481 2619 583 2682 oleum
606 2619 754 2686 faciunt‘fi
798 2621 852 2686 6
876 2621 978 2685 Diose.
1001 2622 1024 2696 Ι,
1048 2623 1143 2686 416ι
1164 2622 1203 2698 ΙΙ,
1229 2623 1299 2684 l.2l
1351 2619 1431 2700 „sed
1487 2658 1491 2707 ,³

306 2725 419 2786 vel—
443 2724 562 2787 duret.“
617 2723 669 2788 66.
693 2725 758 2789 Col.
781 2725 825 2803 ΙΙ,
857 2727 906 2802 10,
930 2728 980 2789 25
1029 2728 1077 2791 De
1109 2745 1260 2791 annorum
1289 2742 1429 2791 numero
1489 2720 1490 2735 ¹

306 2828 434 2891 distanti
459 2829 680 2910 disputandum
708 2850 770 2894 non
800 2837 856 2894 est.
907 2831 1082 2896 Columella
1110 2840 1226 2896 rectum
1254 2847 1430 2896 numerum

304 2935 429 2998 tradere
451 2935 582 2998 videtur.
623 2934 676 3000 66.
693 2935 779 3001 Serv.
804 2936 841 2998 ad
866 2953 970 3013 georg.
986 2935 1010 3011 Ι,
1027 2938 1098 3001 215.
1136 2933 1319 3017 Mayboffius
1341 2937 1429 3000 bene

304 3040 481 3117 suspicatur
502 3040 610 3102 vitium
633 3046 735 3104 ortum
758 3057 826 3103 esse
849 3058 887 3102 ex
913 3058 1055 3119 „quamm
1078 3043 1184 3105 denis“
1199 3039 1298 3102 :III
1320 3041 1428 3103 denis.

307 3140 435 3216 „similis
459 3175 496 3182 -
521 3142 774 3207 contrabuntur.“
822 3143 876 3207 66.
895 3144 1052 3220 0166611,
1071 3145 1141 3207 176.
1181 3145 1426 3225 Amphilocbum

303 3244 432 3320 Plinius
457 3245 487 3307 ni
511 3243 611 3322 fallor,
634 3265 652 3309 6
676 3246 765 3311 Celso
788 3249 905 3312 laudat.
951 3249 1084 3312 Plinium
1107 3266 1187 3328 quae
1209 3249 1242 3312 Ιιι
1257 3248 1281 3329 ,6
1295 3251 1359 3310 118
1386 3251 1427 3312 de

303 3350 399 3431 cytiso
433 3349 516 3413 dicat
545 3351 626 3430 apud
660 3349 784 3415 Celsum
813 3353 927 3431 legisse
949 3355 997 3416 vel
1028 3353 1217 3433 supradixi.
1270 3351 1423 3417 Ceterum

303 3453 357 3517 cfr.
374 3453 439 3519 Col.
456 3453 494 3531 ΙΙ,
513 3454 562 3528 10,
587 3453 637 3518 25.
661 3455 711 3519 26.
736 3455 786 3518 27.
811 3457 860 3522 28.
906 3459 942 3522 In
964 3455 1013 3540 §§
1034 3459 1194 3519 149-156
1216 3457 1334 3522 Plinius
1354 3461 1426 3536 agit

303 3559 342 3621 de
372 3557 530 3621 morbisf
528 3576 648 3636 rugum.
701 3557 788 3634 Quae
811 3561 1061 3645 Theophrastot
993 3563 1214 3627 tritbuenda
1240 3563 1303 3627 sint
1324 3581 1424 3642 supra

303 3664 420 3728 dictum
449 3667 506 3726 est.
484 3661 596 3725 tAd
618 3681 665 3739 ea,
689 3683 769 3744 quae
792 3671 915 3732 exsttan
943 3669 975 3730 in
999 3665 1037 3748 ἐξ
1064 3666 1180 3731 1496ι
1203 3667 1272 3743 150,
1303 3668 1422 3731 similia

302 3785 365 3830 non
387 3768 521 3832 invenio
565 3766 601 3830 In
623 3767 648 3847 §
671 3770 731 3834 158
753 3773 820 3834 sine
840 3773 934 3835 dubio
958 3769 1151 3836 Columellae
1173 3774 1289 3836 debent
1275 3777 1327 3835 tur
1352 3777 1423 3849 „ter

303 3871 429 3947 quidem
454 3906 492 3913 -
516 3873 678 3936 reddere.
718 3874 906 3956 Obloquitur
928 3874 1009 3938 enim
1034 3876 1124 3943 Celso
1147 3877 1330 3943 Columella.
1362 3875 1419 3940 cfr.

302 3972 341 4046 ΙΙ,
368 3972 417 4047 11,
441 3975 470 4036 6.
495 3975 523 4038 7.
583 3979 721 4058 „reliqua
750 3981 870 4042 semina
902 4010 936 4018 -
962 3984 1135 4048 serantur‘.
1187 3981 1241 4047 cfr.
1264 3982 1303 4058 Π,
1327 3982 1355 4056 9,
1378 3982 1416 4061 9;

304 4078 353 4146 10,
377 4077 425 4139 10.
479 4077 588 4144 Celsus
616 4085 724 4146 auctor
750 4099 819 4147 esse
841 4084 953 4163 potest.
1008 4081 1032 4163 §
1054 4085 1113 4148 159
1139 4086 1353 4165 „Democritus
1376 4122 1414 4132 —

302 4181 452 4246 semina“.
484 4180 537 4246 66.
560 4183 598 4259 ΙΙ,
622 4184 651 4261 9,
676 4186 732 4265 1ος
762 4187 816 4261 ΧΙ,
839 4186 869 4260 3,
892 4183 941 4248 61.
999 4185 1124 4253 Celsum
1158 4196 1315 4256 auctorem
1349 4211 1415 4258 esse
