<?xml version="1.0" encoding="UTF-8"?>
<!DOCTYPE html PUBLIC "-//W3C//DTD XHTML 1.0 Transitional//EN"
    "http://www.w3.org/TR/xhtml1/DTD/xhtml1-transitional.dtd">
<html xmlns="http://www.w3.org/1999/xhtml" xml:lang="en" lang="en">
 <head>
  <title>
</title>
<meta http-equiv="Content-Type" content="text/html;charset=utf-8" />
  <meta name='ocr-system' content='tesseract 3.04.00' />
  <meta name='ocr-capabilities' content='ocr_page ocr_carea ocr_par ocr_line ocrx_word'/>
</head>
<body>
  <div class='ocr_page' id='page_1' title='image "./deauctoribusqui00schlgoog_0043.png"; bbox 0 0 3042 4948; ppageno 0'>
   <div class='ocr_carea' id='block_1_1' title="bbox 770 377 980 441">
    <p class='ocr_par' dir='ltr' id='par_1_1' title="bbox 770 377 980 441">
     <span class='ocr_line' id='line_1_1' title="bbox 770 377 980 441; baseline -0.005 -17"><span class='ocrx_word' id='word_1_1' title='bbox 770 377 980 441; x_wconf 64' lang='lat'>„38-</span> 
     </span>
    </p>
   </div>
   <div class='ocr_carea' id='block_1_2' title="bbox 316 547 1504 4305">
    <p class='ocr_par' dir='ltr' id='par_1_2' title="bbox 316 547 1443 2098">
     <span class='ocr_line' id='line_1_2' title="bbox 318 547 1442 630; baseline 0.004 -21"><span class='ocrx_word' id='word_1_2' title='bbox 318 550 409 627; x_wconf 90' lang='lat' dir='ltr'>cepta</span> <span class='ocrx_word' id='word_1_3' title='bbox 429 547 469 609; x_wconf 93' lang='lat' dir='ltr'>de</span> <span class='ocrx_word' id='word_1_4' title='bbox 487 547 603 611; x_wconf 87' lang='lat' dir='ltr'>vitibus</span> <span class='ocrx_word' id='word_1_5' title='bbox 624 548 771 628; x_wconf 88' lang='lat' dir='ltr'>putandis</span> <span class='ocrx_word' id='word_1_6' title='bbox 793 551 826 610; x_wconf 92' lang='lat' dir='ltr'>et</span> <span class='ocrx_word' id='word_1_7' title='bbox 846 547 955 628; x_wconf 84' lang='lat' dir='ltr'>panico</span> <span class='ocrx_word' id='word_1_8' title='bbox 975 547 1124 627; x_wconf 87' lang='lat' dir='ltr'>milioque</span> <span class='ocrx_word' id='word_1_9' title='bbox 1139 549 1289 612; x_wconf 82' lang='lat' dir='ltr'><strong>serendis.</strong></span> <span class='ocrx_word' id='word_1_10' title='bbox 1323 549 1442 630; x_wconf 88' lang='lat' dir='ltr'>Neque</span> 
     </span>
     <span class='ocr_line' id='line_1_3' title="bbox 316 648 1443 734; baseline 0.005 -22"><span class='ocrx_word' id='word_1_11' title='bbox 316 654 423 713; x_wconf 88' lang='lat' dir='ltr'>tamen</span> <span class='ocrx_word' id='word_1_12' title='bbox 439 648 614 715; x_wconf 82' lang='lat' dir='ltr'>Columella</span> <span class='ocrx_word' id='word_1_13' title='bbox 634 656 742 716; x_wconf 82' lang='lat' dir='ltr'>auctor</span> <span class='ocrx_word' id='word_1_14' title='bbox 764 657 820 729; x_wconf 88' lang='lat' dir='ltr'>est,</span> <span class='ocrx_word' id='word_1_15' title='bbox 844 669 914 716; x_wconf 91' lang='lat' dir='ltr'>cnm</span> <span class='ocrx_word' id='word_1_16' title='bbox 928 651 1050 716; x_wconf 88' lang='lat' dir='ltr'>Plinius</span> <span class='ocrx_word' id='word_1_17' title='bbox 1062 653 1179 717; x_wconf 87' lang='lat' dir='ltr'>scribat</span> <span class='ocrx_word' id='word_1_18' title='bbox 1202 651 1336 734; x_wconf 89' lang='lat' dir='ltr'>,justum</span> <span class='ocrx_word' id='word_1_19' title='bbox 1358 655 1443 718; x_wconf 85' lang='lat' dir='ltr'>haec</span> 
     </span>
     <span class='ocr_line' id='line_1_4' title="bbox 318 757 1441 839; baseline 0.004 -20"><span class='ocrx_word' id='word_1_20' title='bbox 318 757 379 819; x_wconf 89' lang='lat' dir='ltr'>seri</span> <span class='ocrx_word' id='word_1_21' title='bbox 408 761 563 821; x_wconf 86' lang='lat' dir='ltr'>maturato</span> <span class='ocrx_word' id='word_1_22' title='bbox 591 757 741 820; x_wconf 80' lang='lat' dir='ltr'>hordeo“.</span> <span class='ocrx_word' id='word_1_23' title='bbox 785 757 874 834; x_wconf 82' lang='lat' dir='ltr'>Quae</span> <span class='ocrx_word' id='word_1_24' title='bbox 903 759 999 822; x_wconf 86' lang='lat' dir='ltr'>verba</span> <span class='ocrx_word' id='word_1_25' title='bbox 1029 758 1112 839; x_wconf 86' lang='lat' dir='ltr'>apud</span> <span class='ocrx_word' id='word_1_26' title='bbox 1135 757 1342 823; x_wconf 91' lang='lat' dir='ltr'>Columellam</span> <span class='ocrx_word' id='word_1_27' title='bbox 1373 779 1441 824; x_wconf 95' lang='lat' dir='ltr'>non</span> 
     </span>
     <span class='ocr_line' id='line_1_5' title="bbox 317 861 1441 944; baseline 0.004 -21"><span class='ocrx_word' id='word_1_28' title='bbox 317 861 528 925; x_wconf 85' lang='lat' dir='ltr'>inveniuntur.</span> <span class='ocrx_word' id='word_1_29' title='bbox 572 861 669 926; x_wconf 89' lang='lat' dir='ltr'>Vides</span> <span class='ocrx_word' id='word_1_30' title='bbox 698 861 957 927; x_wconf 82' lang='lat' dir='ltr'>vorisImillimum</span> <span class='ocrx_word' id='word_1_31' title='bbox 986 879 1054 926; x_wconf 87' lang='lat' dir='ltr'>esse</span> <span class='ocrx_word' id='word_1_32' title='bbox 1081 866 1250 944; x_wconf 91' lang='lat' dir='ltr'>utrumque</span> <span class='ocrx_word' id='word_1_33' title='bbox 1276 867 1441 929; x_wconf 80' lang='lat' dir='ltr'>auctorem</span> 
     </span>
     <span class='ocr_line' id='line_1_6' title="bbox 319 966 1439 1048; baseline 0.003 -18"><span class='ocrx_word' id='word_1_34' title='bbox 319 967 407 1045; x_wconf 88' lang='lat' dir='ltr'>sequi</span> <span class='ocrx_word' id='word_1_35' title='bbox 430 984 634 1030; x_wconf 88' lang='lat' dir='ltr'>communem.</span> <span class='ocrx_word' id='word_1_36' title='bbox 665 967 783 1031; x_wconf 83' lang='lat' dir='ltr'>Plinius</span> <span class='ocrx_word' id='word_1_37' title='bbox 798 966 925 1046; x_wconf 90' lang='lat' dir='ltr'>quidem</span> <span class='ocrx_word' id='word_1_38' title='bbox 941 986 1087 1048; x_wconf 79' lang='lat' dir='ltr'>magnum</span> <span class='ocrx_word' id='word_1_39' title='bbox 1110 986 1248 1033; x_wconf 87' lang='lat' dir='ltr'>errorem</span> <span class='ocrx_word' id='word_1_40' title='bbox 1271 969 1439 1044; x_wconf 82' lang='lat' dir='ltr'>commisit,</span> 
     </span>
     <span class='ocr_line' id='line_1_7' title="bbox 319 1071 1440 1156; baseline 0.002 -20"><span class='ocrx_word' id='word_1_41' title='bbox 319 1072 406 1152; x_wconf 79' lang='lat' dir='ltr'>cujrrs</span> <span class='ocrx_word' id='word_1_42' title='bbox 430 1072 580 1150; x_wconf 81' lang='lat' dir='ltr'>originem</span> <span class='ocrx_word' id='word_1_43' title='bbox 603 1071 758 1136; x_wconf 90' lang='lat' dir='ltr'>invenisse</span> <span class='ocrx_word' id='word_1_44' title='bbox 774 1088 825 1134; x_wconf 84' lang='lat' dir='ltr'>me</span> <span class='ocrx_word' id='word_1_45' title='bbox 840 1072 975 1136; x_wconf 88' lang='lat' dir='ltr'>credam.</span> <span class='ocrx_word' id='word_1_46' title='bbox 1005 1071 1120 1138; x_wconf 84' lang='lat' dir='ltr'>Attulit</span> <span class='ocrx_word' id='word_1_47' title='bbox 1140 1073 1225 1139; x_wconf 90' lang='lat' dir='ltr'>enim</span> <span class='ocrx_word' id='word_1_48' title='bbox 1246 1074 1322 1139; x_wconf 86' lang='lat' dir='ltr'>haec</span> <span class='ocrx_word' id='word_1_49' title='bbox 1342 1094 1440 1156; x_wconf 86' lang='lat' dir='ltr'>prae-</span> 
     </span>
     <span class='ocr_line' id='line_1_8' title="bbox 319 1177 1441 1260; baseline 0.001 -19"><span class='ocrx_word' id='word_1_50' title='bbox 319 1180 410 1258; x_wconf 90' lang='lat' dir='ltr'>cepta</span> <span class='ocrx_word' id='word_1_51' title='bbox 437 1177 491 1241; x_wconf 94' lang='lat' dir='ltr'>illo</span> <span class='ocrx_word' id='word_1_52' title='bbox 521 1177 555 1240; x_wconf 92' lang='lat' dir='ltr'>in</span> <span class='ocrx_word' id='word_1_53' title='bbox 582 1177 766 1253; x_wconf 88' lang='lat' dir='ltr'>intervallo,</span> <span class='ocrx_word' id='word_1_54' title='bbox 796 1177 879 1256; x_wconf 90' lang='lat' dir='ltr'>quod</span> <span class='ocrx_word' id='word_1_55' title='bbox 906 1177 1016 1259; x_wconf 78' lang='lat' dir='ltr'>incipit</span> <span class='ocrx_word' id='word_1_56' title='bbox 1043 1179 1083 1243; x_wconf 87' lang='lat' dir='ltr'>ab</span> <span class='ocrx_word' id='word_1_57' title='bbox 1113 1179 1309 1260; x_wconf 86' lang='lat' dir='ltr'>aequinoctio</span> <span class='ocrx_word' id='word_1_58' title='bbox 1339 1197 1441 1243; x_wconf 88' lang='lat' dir='ltr'>verno</span> 
     </span>
     <span class='ocr_line' id='line_1_9' title="bbox 321 1280 1439 1365; baseline 0.001 -19"><span class='ocrx_word' id='word_1_59' title='bbox 321 1280 389 1362; x_wconf 87' lang='lat' dir='ltr'>(cfr.</span> <span class='ocrx_word' id='word_1_60' title='bbox 415 1280 432 1363; x_wconf 64' lang='grc' dir='ltr'><strong>ἓ</strong></span> <span class='ocrx_word' id='word_1_61' title='bbox 457 1281 543 1363; x_wconf 82' lang='grc'><strong>246),</strong></span> <span class='ocrx_word' id='word_1_62' title='bbox 575 1281 750 1346; x_wconf 88' lang='lat' dir='ltr'>Columella</span> <span class='ocrx_word' id='word_1_63' title='bbox 773 1281 932 1346; x_wconf 83' lang='lat' dir='ltr'>autemid</span> <span class='ocrx_word' id='word_1_64' title='bbox 955 1301 1002 1361; x_wconf 89' lang='lat' dir='ltr'>eo,</span> <span class='ocrx_word' id='word_1_65' title='bbox 1032 1285 1116 1365; x_wconf 88' lang='lat' dir='ltr'>qnod</span> <span class='ocrx_word' id='word_1_66' title='bbox 1146 1285 1213 1356; x_wconf 87' lang='lat' dir='ltr'>dies</span> <span class='ocrx_word' id='word_1_67' title='bbox 1234 1284 1374 1349; x_wconf 88' lang='lat' dir='ltr'>continet</span> <span class='ocrx_word' id='word_1_68' title='bbox 1396 1285 1439 1347; x_wconf 91' lang='lat' dir='ltr'>ab</span> 
     </span>
     <span class='ocr_line' id='line_1_10' title="bbox 319 1385 1441 1469; baseline 0.002 -19"><span class='ocrx_word' id='word_1_69' title='bbox 319 1388 422 1453; x_wconf 88' lang='lat' dir='ltr'>idibus</span> <span class='ocrx_word' id='word_1_70' title='bbox 440 1387 533 1451; x_wconf 91' lang='lat' dir='ltr'>Mart.</span> <span class='ocrx_word' id='word_1_71' title='bbox 557 1388 596 1451; x_wconf 89' lang='lat' dir='ltr'>ad</span> <span class='ocrx_word' id='word_1_72' title='bbox 618 1386 685 1451; x_wconf 89' lang='lat' dir='ltr'>Cal.</span> <span class='ocrx_word' id='word_1_73' title='bbox 703 1385 800 1468; x_wconf 81' lang='lat' dir='ltr'>April.</span> <span class='ocrx_word' id='word_1_74' title='bbox 836 1387 955 1452; x_wconf 89' lang='lat' dir='ltr'>Vitium</span> <span class='ocrx_word' id='word_1_75' title='bbox 970 1388 1028 1453; x_wconf 93' lang='lat' dir='ltr'>hoc</span> <span class='ocrx_word' id='word_1_76' title='bbox 1049 1389 1122 1454; x_wconf 85' lang='lat' dir='ltr'>inde</span> <span class='ocrx_word' id='word_1_77' title='bbox 1146 1395 1249 1454; x_wconf 90' lang='lat' dir='ltr'>ortum</span> <span class='ocrx_word' id='word_1_78' title='bbox 1271 1393 1328 1466; x_wconf 89' lang='lat' dir='ltr'>est,</span> <span class='ocrx_word' id='word_1_79' title='bbox 1352 1389 1441 1469; x_wconf 90' lang='lat' dir='ltr'>quod</span> 
     </span>
     <span class='ocr_line' id='line_1_11' title="bbox 320 1491 1442 1573; baseline -0.001 -16"><span class='ocrx_word' id='word_1_80' title='bbox 320 1493 495 1557; x_wconf 83' lang='lat' dir='ltr'>Columella</span> <span class='ocrx_word' id='word_1_81' title='bbox 523 1491 569 1572; x_wconf 88' lang='lat' dir='ltr'>(et</span> <span class='ocrx_word' id='word_1_82' title='bbox 598 1492 771 1556; x_wconf 87' lang='lat' dir='ltr'>communis</span> <span class='ocrx_word' id='word_1_83' title='bbox 798 1493 919 1572; x_wconf 90' lang='lat' dir='ltr'>auctor)</span> <span class='ocrx_word' id='word_1_84' title='bbox 949 1495 1149 1560; x_wconf 89' lang='lat' dir='ltr'>intervallum</span> <span class='ocrx_word' id='word_1_85' title='bbox 1176 1494 1294 1560; x_wconf 89' lang='lat' dir='ltr'>claudit</span> <span class='ocrx_word' id='word_1_86' title='bbox 1319 1493 1382 1573; x_wconf 88' lang='lat' dir='ltr'>,IX</span> <span class='ocrx_word' id='word_1_87' title='bbox 1406 1497 1442 1556; x_wconf 92' lang='lat' dir='ltr'>et</span> 
     </span>
     <span class='ocr_line' id='line_1_12' title="bbox 320 1595 1441 1680; baseline -0.003 -17"><span class='ocrx_word' id='word_1_88' title='bbox 320 1597 397 1663; x_wconf 89' lang='lat' dir='ltr'>VIII</span> <span class='ocrx_word' id='word_1_89' title='bbox 416 1596 625 1662; x_wconf 82' lang='lat' dir='ltr'>Calendarum</span> <span class='ocrx_word' id='word_1_90' title='bbox 639 1595 794 1679; x_wconf 82' lang='lat' dir='ltr'>Aprilium</span> <span class='ocrx_word' id='word_1_91' title='bbox 814 1599 1043 1678; x_wconf 82' lang='lat' dir='ltr'>aequInoctIunr</span> <span class='ocrx_word' id='word_1_92' title='bbox 1063 1617 1194 1665; x_wconf 87' lang='lat' dir='ltr'>vernum</span> <span class='ocrx_word' id='word_1_93' title='bbox 1217 1602 1441 1680; x_wconf 87' lang='lat' dir='ltr'>tempestatem</span> 
     </span>
     <span class='ocr_line' id='line_1_13' title="bbox 320 1701 1442 1786; baseline -0.001 -19"><span class='ocrx_word' id='word_1_94' title='bbox 320 1701 503 1783; x_wconf 59' lang='lat' dir='ltr'>significat</span> <span class='ocrx_word' id='word_1_95' title='bbox 532 1703 604 1769; x_wconf 85' lang='lat' dir='ltr'>Iam</span> <span class='ocrx_word' id='word_1_96' title='bbox 619 1702 739 1768; x_wconf 90' lang='lat' dir='ltr'>Plinius</span> <span class='ocrx_word' id='word_1_97' title='bbox 755 1703 857 1768; x_wconf 89' lang='lat' dir='ltr'>obiter</span> <span class='ocrx_word' id='word_1_98' title='bbox 873 1703 981 1783; x_wconf 84' lang='lat' dir='ltr'>legens</span> <span class='ocrx_word' id='word_1_99' title='bbox 1001 1710 1094 1782; x_wconf 88' lang='lat' dir='ltr'>errat,</span> <span class='ocrx_word' id='word_1_100' title='bbox 1118 1724 1164 1786; x_wconf 79' lang='lat' dir='ltr'>ea,</span> <span class='ocrx_word' id='word_1_101' title='bbox 1188 1723 1268 1785; x_wconf 87' lang='lat' dir='ltr'>quae</span> <span class='ocrx_word' id='word_1_102' title='bbox 1290 1707 1442 1768; x_wconf 87' lang='lat' dir='ltr'>secuntur</span> 
     </span>
     <span class='ocr_line' id='line_1_14' title="bbox 321 1807 1441 1890; baseline 0 -18"><span class='ocrx_word' id='word_1_103' title='bbox 321 1826 426 1889; x_wconf 90' lang='lat' dir='ltr'>opera,</span> <span class='ocrx_word' id='word_1_104' title='bbox 450 1807 489 1872; x_wconf 91' lang='lat' dir='ltr'>ad</span> <span class='ocrx_word' id='word_1_105' title='bbox 505 1808 679 1890; x_wconf 87' lang='lat' dir='ltr'>proximum</span> <span class='ocrx_word' id='word_1_106' title='bbox 696 1809 948 1887; x_wconf 83' lang='lat' dir='ltr'>abaequinoctio</span> <span class='ocrx_word' id='word_1_107' title='bbox 967 1810 1166 1875; x_wconf 89' lang='lat' dir='ltr'>intervallum</span> <span class='ocrx_word' id='word_1_108' title='bbox 1184 1809 1347 1874; x_wconf 83' lang='lat' dir='ltr'>referenda</span> <span class='ocrx_word' id='word_1_109' title='bbox 1368 1825 1441 1873; x_wconf 85' lang='lat' dir='ltr'>esse</span> 
     </span>
     <span class='ocr_line' id='line_1_15' title="bbox 320 1912 1442 1996; baseline 0.001 -20"><span class='ocrx_word' id='word_1_110' title='bbox 320 1917 423 1991; x_wconf 88' lang='lat' dir='ltr'>ratus,</span> <span class='ocrx_word' id='word_1_111' title='bbox 452 1930 522 1977; x_wconf 88' lang='lat' dir='ltr'>curn</span> <span class='ocrx_word' id='word_1_112' title='bbox 552 1931 586 1976; x_wconf 89' lang='lat' dir='ltr'>re</span> <span class='ocrx_word' id='word_1_113' title='bbox 616 1931 691 1976; x_wconf 85' lang='lat' dir='ltr'>vera</span> <span class='ocrx_word' id='word_1_114' title='bbox 720 1912 759 1976; x_wconf 85' lang='lat' dir='ltr'>ad</span> <span class='ocrx_word' id='word_1_115' title='bbox 788 1912 820 1975; x_wconf 89' lang='lat' dir='ltr'>id</span> <span class='ocrx_word' id='word_1_116' title='bbox 850 1914 1044 1994; x_wconf 90' lang='lat' dir='ltr'>pertineant,</span> <span class='ocrx_word' id='word_1_117' title='bbox 1075 1917 1157 1996; x_wconf 89' lang='lat' dir='ltr'>quod</span> <span class='ocrx_word' id='word_1_118' title='bbox 1187 1913 1253 1978; x_wconf 85' lang='lat' dir='ltr'>fere</span> <span class='ocrx_word' id='word_1_119' title='bbox 1281 1913 1442 1978; x_wconf 85' lang='lat' dir='ltr'>clauditur</span> 
     </span>
     <span class='ocr_line' id='line_1_16' title="bbox 321 2018 643 2098; baseline -0.006 -16"><span class='ocrx_word' id='word_1_120' title='bbox 321 2018 516 2098; x_wconf 82' lang='lat' dir='ltr'>aequinoctIo</span> <span class='ocrx_word' id='word_1_121' title='bbox 538 2035 643 2082; x_wconf 89' lang='lat' dir='ltr'>verno.</span> 
     </span>
    </p>

    <p class='ocr_par' dir='ltr' id='par_1_3' title="bbox 320 2122 1440 2309">
     <span class='ocr_line' id='line_1_17' title="bbox 403 2122 1440 2203; baseline 0.001 -18"><span class='ocrx_word' id='word_1_122' title='bbox 403 2122 525 2188; x_wconf 89' lang='lat' dir='ltr'>Protuli</span> <span class='ocrx_word' id='word_1_123' title='bbox 540 2122 641 2188; x_wconf 89' lang='lat' dir='ltr'>adhuc</span> <span class='ocrx_word' id='word_1_124' title='bbox 656 2123 718 2186; x_wconf 90' lang='lat' dir='ltr'>duo</span> <span class='ocrx_word' id='word_1_125' title='bbox 734 2122 885 2203; x_wconf 86' lang='lat' dir='ltr'>exempla,</span> <span class='ocrx_word' id='word_1_126' title='bbox 904 2122 1018 2203; x_wconf 89' lang='lat' dir='ltr'>quibus</span> <span class='ocrx_word' id='word_1_127' title='bbox 1033 2123 1168 2190; x_wconf 82' lang='lat' dir='ltr'>PIInium</span> <span class='ocrx_word' id='word_1_128' title='bbox 1184 2128 1217 2189; x_wconf 90' lang='lat' dir='ltr'>et</span> <span class='ocrx_word' id='word_1_129' title='bbox 1231 2123 1440 2188; x_wconf 90' lang='lat' dir='ltr'>Columellam</span> 
     </span>
     <span class='ocr_line' id='line_1_18' title="bbox 320 2227 1263 2309; baseline 0 -17"><span class='ocrx_word' id='word_1_130' title='bbox 320 2244 516 2292; x_wconf 86' lang='lat' dir='ltr'>communem</span> <span class='ocrx_word' id='word_1_131' title='bbox 539 2233 697 2292; x_wconf 89' lang='lat' dir='ltr'>auctorem</span> <span class='ocrx_word' id='word_1_132' title='bbox 720 2227 808 2307; x_wconf 91' lang='lat' dir='ltr'>sequi</span> <span class='ocrx_word' id='word_1_133' title='bbox 829 2229 988 2309; x_wconf 88' lang='lat' dir='ltr'>probetur.</span> <span class='ocrx_word' id='word_1_134' title='bbox 1033 2227 1169 2293; x_wconf 87' lang='lat' dir='ltr'>Afferam</span> <span class='ocrx_word' id='word_1_135' title='bbox 1193 2230 1263 2293; x_wconf 85' lang='lat' dir='ltr'>alia.</span> 
     </span>
    </p>

    <p class='ocr_par' dir='ltr' id='par_1_4' title="bbox 319 2329 1443 2519">
     <span class='ocr_line' id='line_1_19' title="bbox 408 2329 1441 2418; baseline 0.004 -24"><span class='ocrx_word' id='word_1_136' title='bbox 408 2329 504 2412; x_wconf 78' lang='lat'><strong>§230</strong></span> <span class='ocrx_word' id='word_1_137' title='bbox 524 2330 679 2412; x_wconf 90' lang='lat' dir='ltr'>„torcular</span> <span class='ocrx_word' id='word_1_138' title='bbox 692 2333 799 2396; x_wconf 80' lang='lat' dir='ltr'>lavare</span> <span class='ocrx_word' id='word_1_139' title='bbox 821 2336 861 2395; x_wconf 89' lang='lat' dir='ltr'>et</span> <span class='ocrx_word' id='word_1_140' title='bbox 915 2415 916 2418; x_wconf 8' lang='grc' dir='ltr'><strong>Ἴ</strong></span> <span class='ocrx_word' id='word_1_141' title='bbox 980 2332 1034 2399; x_wconf 90' lang='lat' dir='ltr'>cfr.</span> <span class='ocrx_word' id='word_1_142' title='bbox 1058 2329 1126 2398; x_wconf 92' lang='lat' dir='ltr'>Col.</span> <span class='ocrx_word' id='word_1_143' title='bbox 1149 2333 1202 2404; x_wconf 87' lang='lat' dir='ltr'>XI,</span> <span class='ocrx_word' id='word_1_144' title='bbox 1232 2335 1261 2412; x_wconf 84' lang='lat'>2,</span> <span class='ocrx_word' id='word_1_145' title='bbox 1292 2331 1330 2396; x_wconf 81' lang='lat'>71</span> <span class='ocrx_word' id='word_1_146' title='bbox 1356 2337 1441 2412; x_wconf 88' lang='lat' dir='ltr'>„tor-</span> 
     </span>
     <span class='ocr_line' id='line_1_20' title="bbox 319 2435 1443 2519; baseline 0.002 -19"><span class='ocrx_word' id='word_1_147' title='bbox 319 2438 549 2501; x_wconf 89' lang='lat' dir='ltr'>recondere</span> <span class='ocrx_word' id='word_1_148' title='bbox 561 2439 587 2503; x_wconf 88' lang='lat'>“.</span> <span class='ocrx_word' id='word_1_149' title='bbox 898 2435 1016 2503; x_wconf 75' lang='lat' dir='ltr'>calatin</span> <span class='ocrx_word' id='word_1_150' title='bbox 1034 2457 1109 2504; x_wconf 89' lang='lat' dir='ltr'>vero</span> <span class='ocrx_word' id='word_1_151' title='bbox 1133 2443 1165 2503; x_wconf 88' lang='lat' dir='ltr'>et</span> <span class='ocrx_word' id='word_1_152' title='bbox 1184 2437 1252 2504; x_wconf 86' lang='lat' dir='ltr'>fora</span> <span class='ocrx_word' id='word_1_153' title='bbox 1270 2439 1443 2519; x_wconf 84' lang='lat' dir='ltr'>diligenter</span> 
     </span>
    </p>

    <p class='ocr_par' dir='ltr' id='par_1_5' title="bbox 896 2544 1443 2731">
     <span class='ocr_line' id='line_1_21' title="bbox 897 2544 1443 2624; baseline 0 -16"><span class='ocrx_word' id='word_1_154' title='bbox 897 2545 1066 2609; x_wconf 84' lang='lat' dir='ltr'>emundata</span> <span class='ocrx_word' id='word_1_155' title='bbox 1095 2544 1239 2624; x_wconf 87' lang='lat' dir='ltr'>lotaque,</span> <span class='ocrx_word' id='word_1_156' title='bbox 1270 2548 1302 2608; x_wconf 88' lang='lat' dir='ltr'>et</span> <span class='ocrx_word' id='word_1_157' title='bbox 1330 2545 1357 2607; x_wconf 89' lang='lat' dir='ltr'>si</span> <span class='ocrx_word' id='word_1_158' title='bbox 1388 2563 1443 2608; x_wconf 87' lang='lat' dir='ltr'>res</span> 
     </span>
     <span class='ocr_line' id='line_1_22' title="bbox 896 2649 1269 2731; baseline -0.003 -17"><span class='ocrx_word' id='word_1_159' title='bbox 896 2651 942 2714; x_wconf 94' lang='lat' dir='ltr'>ita</span> <span class='ocrx_word' id='word_1_160' title='bbox 964 2650 1112 2729; x_wconf 81' lang='lat' dir='ltr'>exegerit,</span> <span class='ocrx_word' id='word_1_161' title='bbox 1134 2649 1269 2731; x_wconf 87' lang='lat' dir='ltr'>picata“.</span> 
     </span>
    </p>

    <p class='ocr_par' dir='ltr' id='par_1_6' title="bbox 321 2749 1504 3675">
     <span class='ocr_line' id='line_1_23' title="bbox 409 2749 1443 2836; baseline 0.003 -22"><span class='ocrx_word' id='word_1_162' title='bbox 409 2750 426 2834; x_wconf 64' lang='grc' dir='ltr'>ξ</span> <span class='ocrx_word' id='word_1_163' title='bbox 443 2752 507 2814; x_wconf 86' lang='grc'>233</span> <span class='ocrx_word' id='word_1_164' title='bbox 526 2752 666 2831; x_wconf 83' lang='lat' dir='ltr'>„reliqua</span> <span class='ocrx_word' id='word_1_165' title='bbox 681 2767 777 2834; x_wconf 92' lang='lat' dir='ltr'>opera</span> <span class='ocrx_word' id='word_1_166' title='bbox 791 2769 862 2816; x_wconf 93' lang='lat' dir='ltr'>noc·</span> <span class='ocrx_word' id='word_1_167' title='bbox 983 2753 1038 2818; x_wconf 85' lang='lat' dir='ltr'>cfr.</span> <span class='ocrx_word' id='word_1_168' title='bbox 1064 2751 1102 2836; x_wconf 59' lang='grc' dir='ltr'>ἐξ</span> <span class='ocrx_word' id='word_1_169' title='bbox 1125 2749 1167 2816; x_wconf 84' lang='grc'>90</span> <span class='ocrx_word' id='word_1_170' title='bbox 1197 2758 1231 2818; x_wconf 90' lang='lat' dir='ltr'>et</span> <span class='ocrx_word' id='word_1_171' title='bbox 1251 2753 1301 2818; x_wconf 83' lang='grc'>91.</span> <span class='ocrx_word' id='word_1_172' title='bbox 1331 2753 1443 2835; x_wconf 83' lang='lat' dir='ltr'>impri-</span> 
     </span>
     <span class='ocr_line' id='line_1_24' title="bbox 321 2858 1446 2940; baseline 0 -18"><span class='ocrx_word' id='word_1_173' title='bbox 321 2862 415 2922; x_wconf 86' lang='lat' dir='ltr'>turna</span> <span class='ocrx_word' id='word_1_174' title='bbox 438 2858 571 2922; x_wconf 89' lang='lat' dir='ltr'>maxime</span> <span class='ocrx_word' id='word_1_175' title='bbox 590 2858 697 2938; x_wconf 73' lang='lat' dir='ltr'>vigilia</span> <span class='ocrx_word' id='word_1_176' title='bbox 711 2861 862 2936; x_wconf 89' lang='lat' dir='ltr'>constent,</span> <span class='ocrx_word' id='word_1_177' title='bbox 898 2860 957 2924; x_wconf 89' lang='lat' dir='ltr'>mis</span> <span class='ocrx_word' id='word_1_178' title='bbox 982 2859 1046 2940; x_wconf 83' lang='lat' dir='ltr'>„Ac</span> <span class='ocrx_word' id='word_1_179' title='bbox 1067 2877 1107 2924; x_wconf 88' lang='lat' dir='ltr'>ne</span> <span class='ocrx_word' id='word_1_180' title='bbox 1130 2864 1236 2924; x_wconf 88' lang='lat' dir='ltr'>cetera</span> <span class='ocrx_word' id='word_1_181' title='bbox 1263 2875 1346 2922; x_wconf 90' lang='lat' dir='ltr'>nunc</span> <span class='ocrx_word' id='word_1_182' title='bbox 1372 2877 1446 2940; x_wconf 90' lang='lat' dir='ltr'>per-</span> 
     </span>
     <span class='ocr_line' id='line_1_25' title="bbox 322 2963 1126 3047; baseline 0.001 -19"><span class='ocrx_word' id='word_1_183' title='bbox 322 2983 392 3029; x_wconf 92' lang='lat' dir='ltr'>cum</span> <span class='ocrx_word' id='word_1_184' title='bbox 414 2965 477 3029; x_wconf 91' lang='lat' dir='ltr'>sint</span> <span class='ocrx_word' id='word_1_185' title='bbox 498 2969 605 3028; x_wconf 88' lang='lat' dir='ltr'>noctes</span> <span class='ocrx_word' id='word_1_186' title='bbox 624 2968 711 3027; x_wconf 92' lang='lat' dir='ltr'>tanto</span> <span class='ocrx_word' id='word_1_187' title='bbox 734 2963 864 3045; x_wconf 89' lang='lat' dir='ltr'>amplio·</span> <span class='ocrx_word' id='word_1_188' title='bbox 898 2981 1013 3047; x_wconf 83' lang='lat' dir='ltr'>sequar</span> <span class='ocrx_word' id='word_1_189' title='bbox 1034 2965 1126 3030; x_wconf 86' lang='lat' dir='ltr'>etc.“.</span> 
     </span>
     <span class='ocr_line' id='line_1_26' title="bbox 322 3066 864 3147; baseline 0 -16"><span class='ocrx_word' id='word_1_190' title='bbox 322 3083 389 3147; x_wconf 89' lang='lat' dir='ltr'>res,</span> <span class='ocrx_word' id='word_1_191' title='bbox 418 3069 580 3147; x_wconf 82' lang='lat' dir='ltr'>qualos,</span> <span class='ocrx_word' id='word_1_192' title='bbox 609 3075 761 3145; x_wconf 73' lang='lat' dir='ltr'>orateS,</span> <span class='ocrx_word' id='word_1_193' title='bbox 784 3066 864 3132; x_wconf 90' lang='lat' dir='ltr'>fisci-</span> 
     </span>
     <span class='ocr_line' id='line_1_27' title="bbox 323 3170 863 3252; baseline 0 -16"><span class='ocrx_word' id='word_1_194' title='bbox 323 3177 510 3252; x_wconf 72' lang='lat' dir='ltr'>nascerere,</span> <span class='ocrx_word' id='word_1_195' title='bbox 525 3170 638 3236; x_wconf 88' lang='lat' dir='ltr'>faces</span> <span class='ocrx_word' id='word_1_196' title='bbox 659 3172 863 3252; x_wconf 86' lang='lat' dir='ltr'>incidere,</span> 
     </span>
     <span class='ocr_line' id='line_1_28' title="bbox 322 3278 864 3359; baseline -0.006 -16"><span class='ocrx_word' id='word_1_197' title='bbox 322 3278 436 3343; x_wconf 89' lang='lat' dir='ltr'>ridicas</span> <span class='ocrx_word' id='word_1_198' title='bbox 488 3293 676 3359; x_wconf 88' lang='lat' dir='ltr'>praeparare</span> <span class='ocrx_word' id='word_1_199' title='bbox 726 3278 864 3341; x_wconf 84' lang='lat' dir='ltr'>interdiu</span> 
     </span>
     <span class='ocr_line' id='line_1_29' title="bbox 322 3381 864 3464; baseline -0.002 -16"><span class='ocrx_word' id='word_1_200' title='bbox 322 3383 429 3460; x_wconf 91' lang='lat' dir='ltr'>XXX,</span> <span class='ocrx_word' id='word_1_201' title='bbox 457 3384 545 3464; x_wconf 88' lang='lat' dir='ltr'>palos</span> <span class='ocrx_word' id='word_1_202' title='bbox 575 3381 630 3448; x_wconf 91' lang='lat' dir='ltr'>LX</span> <span class='ocrx_word' id='word_1_203' title='bbox 657 3387 691 3447; x_wconf 88' lang='lat' dir='ltr'>et</span> <span class='ocrx_word' id='word_1_204' title='bbox 715 3383 748 3446; x_wconf 92' lang='lat' dir='ltr'>in</span> <span class='ocrx_word' id='word_1_205' title='bbox 778 3382 864 3448; x_wconf 87' lang='lat' dir='ltr'>lucu-</span> 
     </span>
     <span class='ocr_line' id='line_1_30' title="bbox 323 3488 864 3571; baseline -0.002 -17"><span class='ocrx_word' id='word_1_206' title='bbox 323 3489 466 3554; x_wconf 90' lang='lat' dir='ltr'>bratione</span> <span class='ocrx_word' id='word_1_207' title='bbox 489 3489 667 3571; x_wconf 89' lang='lat' dir='ltr'>vespertina</span> <span class='ocrx_word' id='word_1_208' title='bbox 692 3488 805 3552; x_wconf 88' lang='lat' dir='ltr'>ridicas</span> <span class='ocrx_word' id='word_1_209' title='bbox 826 3488 864 3566; x_wconf 89' lang='lat' dir='ltr'>V,</span> 
     </span>
     <span class='ocr_line' id='line_1_31' title="bbox 324 3593 1504 3675; baseline -0.003 -17"><span class='ocrx_word' id='word_1_210' title='bbox 324 3594 413 3675; x_wconf 93' lang='lat' dir='ltr'>palos</span> <span class='ocrx_word' id='word_1_211' title='bbox 434 3593 473 3670; x_wconf 95' lang='lat' dir='ltr'>X,</span> <span class='ocrx_word' id='word_1_212' title='bbox 495 3595 625 3659; x_wconf 85' lang='lat' dir='ltr'>totidem</span> <span class='ocrx_word' id='word_1_213' title='bbox 648 3593 865 3658; x_wconf 85' lang='lat' dir='ltr'>antelucana“.</span> <span class='ocrx_word' id='word_1_214' title='bbox 1503 3613 1504 3640; x_wconf 58' lang='lat' dir='ltr'>r</span> 
     </span>
    </p>

    <p class='ocr_par' dir='ltr' id='par_1_7' title="bbox 324 3691 1447 4305">
     <span class='ocr_line' id='line_1_32' title="bbox 412 3691 1447 3780; baseline -0.006 -18"><span class='ocrx_word' id='word_1_215' title='bbox 412 3697 505 3779; x_wconf 73' lang='lat'>§236</span> <span class='ocrx_word' id='word_1_216' title='bbox 523 3697 632 3780; x_wconf 87' lang='lat' dir='ltr'>„hujus</span> <span class='ocrx_word' id='word_1_217' title='bbox 646 3698 796 3780; x_wconf 89' lang='lat' dir='ltr'>temporis</span> <span class='ocrx_word' id='word_1_218' title='bbox 810 3715 864 3762; x_wconf 90' lang='lat' dir='ltr'>no·</span> <span class='ocrx_word' id='word_1_219' title='bbox 987 3694 1041 3762; x_wconf 83' lang='lat' dir='ltr'>cfr.</span> <span class='ocrx_word' id='word_1_220' title='bbox 1058 3694 1097 3778; x_wconf 58' lang='grc' dir='ltr'>ἐξ</span> <span class='ocrx_word' id='word_1_221' title='bbox 1116 3697 1166 3773; x_wconf 95' lang='grc'>11,</span> <span class='ocrx_word' id='word_1_222' title='bbox 1192 3697 1241 3778; x_wconf 85' lang='grc'>16,</span> <span class='ocrx_word' id='word_1_223' title='bbox 1267 3693 1316 3771; x_wconf 77' lang='lat'>17,</span> <span class='ocrx_word' id='word_1_224' title='bbox 1335 3691 1386 3770; x_wconf 84' lang='lat'>19,</span> <span class='ocrx_word' id='word_1_225' title='bbox 1405 3693 1447 3756; x_wconf 88' lang='grc'>82</span> 
     </span>
     <span class='ocr_line' id='line_1_33' title="bbox 324 3797 1407 3885; baseline -0.001 -19"><span class='ocrx_word' id='word_1_226' title='bbox 324 3803 458 3868; x_wconf 87' lang='lat' dir='ltr'>vissimis</span> <span class='ocrx_word' id='word_1_227' title='bbox 500 3804 627 3880; x_wconf 88' lang='lat' dir='ltr'>diebus,</span> <span class='ocrx_word' id='word_1_228' title='bbox 680 3804 866 3885; x_wconf 87' lang='lat' dir='ltr'>ubicumque</span> <span class='ocrx_word' id='word_1_229' title='bbox 901 3797 936 3882; x_wconf 89' lang='lat' dir='ltr'>(i.</span> <span class='ocrx_word' id='word_1_230' title='bbox 958 3805 980 3865; x_wconf 89' lang='lat' dir='ltr'>t.</span> <span class='ocrx_word' id='word_1_231' title='bbox 1004 3820 1035 3868; x_wconf 84' lang='lat' dir='ltr'>n.</span> <span class='ocrx_word' id='word_1_232' title='bbox 1058 3802 1109 3883; x_wconf 81' lang='lat' dir='ltr'>a),</span> <span class='ocrx_word' id='word_1_233' title='bbox 1132 3799 1173 3864; x_wconf 79' lang='grc'>92</span> <span class='ocrx_word' id='word_1_234' title='bbox 1197 3801 1230 3881; x_wconf 91' lang='lat' dir='ltr'>(i.</span> <span class='ocrx_word' id='word_1_235' title='bbox 1254 3806 1275 3864; x_wconf 90' lang='lat' dir='ltr'>t.</span> <span class='ocrx_word' id='word_1_236' title='bbox 1297 3817 1327 3863; x_wconf 90' lang='lat' dir='ltr'>n.</span> <span class='ocrx_word' id='word_1_237' title='bbox 1351 3799 1407 3879; x_wconf 82' lang='lat' dir='ltr'>c).</span> 
     </span>
     <span class='ocr_line' id='line_1_34' title="bbox 325 3907 864 3988; baseline 0.007 -18"><span class='ocrx_word' id='word_1_238' title='bbox 325 3907 463 3988; x_wconf 91' lang='lat' dir='ltr'>patietur</span> <span class='ocrx_word' id='word_1_239' title='bbox 485 3910 563 3974; x_wconf 90' lang='lat' dir='ltr'>caeli</span> <span class='ocrx_word' id='word_1_240' title='bbox 578 3910 669 3986; x_wconf 88' lang='lat' dir='ltr'>ratio,</span> <span class='ocrx_word' id='word_1_241' title='bbox 693 3914 809 3973; x_wconf 88' lang='lat' dir='ltr'>terram</span> <span class='ocrx_word' id='word_1_242' title='bbox 825 3911 864 3974; x_wconf 93' lang='lat' dir='ltr'>ad</span> 
     </span>
     <span class='ocr_line' id='line_1_35' title="bbox 325 4013 865 4080; baseline 0.004 -4"><span class='ocrx_word' id='word_1_243' title='bbox 325 4013 444 4077; x_wconf 91' lang='lat' dir='ltr'>rosaria</span> <span class='ocrx_word' id='word_1_244' title='bbox 473 4019 506 4078; x_wconf 86' lang='lat' dir='ltr'>et</span> <span class='ocrx_word' id='word_1_245' title='bbox 534 4015 645 4079; x_wconf 89' lang='lat' dir='ltr'>vineae</span> <span class='ocrx_word' id='word_1_246' title='bbox 671 4020 774 4080; x_wconf 89' lang='lat' dir='ltr'>satum</span> <span class='ocrx_word' id='word_1_247' title='bbox 796 4033 865 4078; x_wconf 91' lang='lat' dir='ltr'>ver-</span> 
     </span>
     <span class='ocr_line' id='line_1_36' title="bbox 324 4118 865 4202; baseline 0 -18"><span class='ocrx_word' id='word_1_248' title='bbox 324 4122 393 4184; x_wconf 84' lang='lat' dir='ltr'>tere</span> <span class='ocrx_word' id='word_1_249' title='bbox 414 4118 530 4199; x_wconf 89' lang='lat' dir='ltr'>bipalio</span> <span class='ocrx_word' id='word_1_250' title='bbox 547 4126 672 4202; x_wconf 92' lang='lat' dir='ltr'>oportet</span> <span class='ocrx_word' id='word_1_251' title='bbox 694 4154 733 4166; x_wconf 92' lang='lat'><em>-</em></span> <span class='ocrx_word' id='word_1_252' title='bbox 753 4120 865 4202; x_wconf 81' lang='lat' dir='ltr'>jugero</span> 
     </span>
     <span class='ocr_line' id='line_1_37' title="bbox 326 4223 866 4305; baseline 0.006 -18"><span class='ocrx_word' id='word_1_253' title='bbox 326 4240 439 4305; x_wconf 88' lang='lat' dir='ltr'>operae</span> <span class='ocrx_word' id='word_1_254' title='bbox 451 4223 535 4288; x_wconf 85' lang='lat' dir='ltr'>LXX</span> <span class='ocrx_word' id='word_1_255' title='bbox 546 4223 866 4290; x_wconf 85' lang='lat' dir='ltr'>sufficiunt-fossas</span> 
     </span>
    </p>
   </div>
   <div class='ocr_carea' id='block_1_3' title="bbox 0 0 1531 4948">
    <p class='ocr_par' dir='ltr' id='par_1_8' title="bbox 0 0 1531 4948">
     <span class='ocr_line' id='line_1_38' title="bbox 0 0 1531 4948; baseline 0 0"><span class='ocrx_word' id='word_1_256' title='bbox 0 0 1531 4948; x_wconf 95' lang='lat' dir='ltr'> </span> 
     </span>
    </p>
   </div>
  </div>
 </body>
</html>
