3042 4948
762 364 951 427 ,6-

297 533 442 612 giliarum
473 550 585 598 occasu
614 531 793 597 seruntur“.
837 530 890 597 cfr.
913 531 1005 611 VIII,
1036 532 1070 610 1,
1098 534 1134 596 2:
1170 518 1272 612 „viper
1303 528 1340 594 δὲ
1363 531 1427 595 τοῦ

297 629 424 720 σπόρου
452 671 490 684 -
511 637 533 701 4
555 630 603 700 ἔτι
628 630 802 719 ὄέρύσιμον
824 633 882 699 καὶ
906 627 1070 719 ὅρμινον“.
1114 637 1164 701 En
1192 636 1291 702 hahes
1313 654 1425 700 exem-

296 743 394 824 plum,
418 761 480 823 quo
502 741 603 824 possis
618 759 804 821 cognoscere
818 743 975 823 quomodo
990 741 1110 806 Plinius
1132 746 1293 807 auctorem
1315 743 1424 806 trans·

297 845 473 929 scripserit!
517 846 545 909 E
566 846 668 910 tribus
689 847 857 925 generibus
880 846 1087 929 Theophrasti
1108 865 1204 928 supra
1225 847 1288 911 duo
1311 847 1423 924 elegit.

295 951 368 1017 Jam
397 952 483 1016 videt
515 951 598 1032 apud
630 949 880 1038 Theophrastum
917 939 1017 1034 „aigae
1047 947 1085 1014 δὲ
1113 950 1171 1014 τοῦ
1199 945 1326 1034 σπόρου
1353 951 1425 1013 τῶν
1503 943 1504 959 ’

297 1051 462 1119 πλείστων
482 1047 572 1122 ὀύο“.
617 1053 732 1120 Scribit
746 1056 843 1138 igitur
860 1055 1026 1138 „frumenti
1040 1054 1138 1136 ipsius
1152 1054 1285 1120 totidem
1301 1073 1424 1136 genera

297 1177 354 1242 per
375 1165 518 1241 tempora
537 1165 608 1225 satu
631 1159 760 1226 divisa“.
805 1160 908 1242 Atque
931 1160 1044 1224 deinde
1072 1159 1236 1227 hibernam
1262 1159 1423 1224 rationem

296 1270 382 1330 recte
397 1266 584 1331 transcribit.
616 1263 678 1330 Sed
693 1267 823 1346 longum
837 1266 867 1329 ei
883 1269 931 1329 est
945 1266 1008 1329 duo
1024 1283 1105 1346 quae
1121 1269 1269 1330 secuntur
1287 1266 1422 1330 sationis

296 1373 438 1452 tempora
460 1375 580 1436 notare.
624 1371 734 1451 Itaque
764 1370 798 1433 id
820 1388 919 1449 genus
939 1369 1167 1435 frumentorum
1198 1370 1302 1450 eligit,
1333 1371 1422 1450 quod

296 1473 434 1540 hibernis
460 1473 596 1538 maxime
619 1476 795 1557 oppositum
818 1475 867 1556 sit7
889 1474 911 1539 i.
935 1492 962 1540 a.
986 1475 1115 1539 aestiva.
1158 1473 1265 1539 Verba
1288 1471 1422 1554 „Italiae

296 1580 461 1644 dumtaxat
488 1576 570 1644 ritu“
603 1579 695 1644 unice
724 1581 764 1644 ad
797 1578 892 1660 „irio“
922 1577 1088 1644 referenda
1115 1582 1197 1644 sunt.
1242 1577 1297 1644 cir.
1322 1576 1340 1659 ἓ
1364 1577 1420 1644 96.

297 1683 402 1749 Verba
436 1683 593 1764 „alioquin
622 1717 664 1726 —-
694 1684 859 1749 seruntur“
896 1689 1021 1767 sumpta
1053 1689 1126 1750 suut
1160 1702 1178 1748 e
1208 1683 1422 1765 Theophrasti

300 1779 431 1870 „aquira
446 1784 507 1868 μὲν
521 1782 579 1848 καὶ
593 1780 785 1866 μάλιστα
807 1780 827 1876 ἡ
843 1786 922 1872 περὶ
937 1783 1097 1864 πλειάδος
1114 1783 1237 1852 δύσιν“.
1268 1788 1421 1854 Ceterum

298 1892 418 1956 Plinius
439 1896 525 1956 recte
555 1892 662 1958 scribit
696 1893 747 1974 „in
770 1893 903 1959 Graecia
931 1898 965 1958 et
992 1895 1026 1958 in
1047 1892 1159 1973 Asia“;
1192 1911 1302 1959 rerum
1333 1893 1420 1957 enim

297 2001 346 2061 est
377 1995 627 2078 Theophrastum
659 2015 752 2080 saepe
785 1998 878 2063 Asiae
910 1999 990 2063 ritus
1027 1998 1191 2080 cudtusque
1228 1998 1419 2062 describere.

296 2097 381 2181 §51
420 2101 611 2181 „Legumina
640 2103 745 2167 omnia
773 2137 816 2148 —
846 2103 912 2167 sine
934 2101 1057 2169 ramis.“
1111 2102 1167 2168 cir.
1189 2102 1281 2180 VIII,
1312 2103 1350 2179 2,
1379 2101 1420 2165 3:
1504 2135 1505 2138 =

300 2201 409 2286 „dlicta
435 2202 473 2269 δὲ
496 2198 561 2284 ἔχει
585 2241 623 2250 —-
647 2205 856 2289 κριθανίας“.
892 2207 1037 2288 Plinium,
1054 2211 1091 2271 ut
1105 2208 1255 2272 scriberet
1274 2211 1423 2289 „praeter

296 2308 433 2389 fabam“‚
456 2312 507 2374 vel
530 2315 603 2375 ante
624 2329 675 2375 me
690 2313 861 2377 Muellerus
876 2313 998 2378 censuit
1020 2330 1125 2377 errore
1145 2314 1316 2378 adductum
1338 2330 1421 2378 esse.

297 2411 352 2479 cfr.
380 2413 492 2479 Sitzbr.
516 2416 547 2481 d.
569 2416 600 2479 k.
624 2415 724 2483 Akad.
748 2418 777 2482 d.
793 2417 843 2484 W.
865 2437 892 2483 z.
908 2418 959 2482 W.
982 2417 1142 2499 phil-bist.
1166 2417 1216 2483 Kl.
1240 2415 1282 2479 94
1304 2413 1422 2496 (1879)

296 2535 327 2598 p.
345 2516 406 2580 172
422 2534 473 2581 no.
489 2519 518 2581 2.
563 2518 729 2586 Simillimo
752 2523 835 2586 enim
858 2540 951 2587 sensu
965 2520 1118 2604 incipiunt
1139 2523 1199 2586 hae
1221 2523 1303 2586 duae
1325 2537 1420 2603 para·

296 2621 407 2705 graphi
440 2623 553 2688 tertiae
585 2626 760 2690 sententiae
797 2621 906 2706 »ῥίζαν
939 2622 977 2687 δὲ
1011 2619 1078 2704 ἔχει
1114 2622 1154 2688 τὰ
1181 2625 1242 2704 μὲν
1268 2620 1417 2706 χεδροπὸ

296 2720 406 2788 πάντα
431 2720 558 2811 ξυλώδη
584 2726 642 2792 καὶ
664 2726 745 2810 μίαν
765 2728 854 2793 arm
887 2735 919 2794 et
944 2723 1002 2811 „ed
1023 2726 1084 2810 μὲν
1105 2725 1166 2812 γὰρ
1187 2726 1335 2814 gedeone}
1357 2751 1421 2809 μο·

296 2822 426 2912 νόῤῥιζα
459 2819 535 2895 ὄντα
564 2834 664 2902 aoht
719 2835 968 2915 Langrudissime
1004 2834 1140 2916 Plinius,
1177 2853 1253 2900 sane
1289 2835 1421 2915 quidem

295 2933 443 3000 facillima
466 2954 484 2999 e
506 2956 608 3020 sensu,
630 2941 752 3005 addidit
773 2941 829 3004 illa
849 2941 946 3006 verba
971 2942 1139 3020 „quianon
1161 2941 1194 3005 in
1215 2940 1317 3005 multa
1338 2939 1421 3005 diri-

296 3027 460 3117 duntur“‚*
480 3053 550 3106 oum
583 3044 699 3109 scribat
731 3045 965 3127 Theophrastus
1002 3035 1094 3125 „aar
1129 3036 1147 3107 ὃ
1176 3039 1280 3126 πυρὸς
1306 3042 1365 3107 καὶ
1396 3035 1420 3130 ἡ

297 3137 400 3230 κριθὴ
422 3140 543 3206 καὶτὰ
566 3135 651 3209 ἅλλα
672 3144 713 3209 τὰ
738 3142 861 3229 σιτώδη
888 3141 1072 3230 πολύῤῥιζα
1101 3147 1202 3216 aelf.
1252 3150 1420 3232 „Erumpit

297 3265 317 3312 a
339 3248 440 3329 primo
455 3253 526 3314 satu
540 3285 583 3294 —
599 3257 631 3317 et
647 3253 784 3316 radicem
800 3256 832 3316 et
846 3251 986 3316 florem“.
1019 3252 1072 3318 cir.
1089 3254 1173 3333 VIII,
1190 3255 1219 3336 l,
1235 3255 1266 3333 5,
1283 3255 1319 3333 63
1339 3256 1367 3334 2,
1387 3254 1419 3317 1.

298 3352 419 3418 Plinius
441 3356 549 3420 scribit
572 3358 736 3437 „legumen
758 3360 870 3438 quarto
892 3357 943 3420 vel
966 3373 1035 3421 cum
1051 3360 1228 3425 tardissime
1250 3358 1418 3441 septimo&

296 3457 423 3524 Fabam
454 3461 514 3525 hoc
536 3479 604 3526 esse
627 3481 645 3526 e
668 3461 876 3544 Theophrasti
899 3467 931 3527 et
951 3461 1101 3529 Varronis
1124 3463 1162 3545 (Ι,
1185 3464 1238 3543 45,
1261 3463 1295 3544 1)
1326 3468 1418 3528 textu

298 3568 438 3645 apparet.
495 3563 586 3630 Oculi
618 3566 712 3632 Plinii
745 3568 940 3633 aberrarunt.
995 3568 1086 3648 Legit
1125 3570 1208 3634 enim
1248 3573 1320 3652 post
1355 3563 1458 3648 pot.

299 3655 333 3730 d'
350 3656 475 3752 donoro
496 3669 688 3752 τεταρταῖα“
707 3689 755 3747 ea,
774 3690 856 3754 quae
870 3673 1010 3754 proxime
1025 3674 1214 3739 antecedunt
1233 3667 1421 3755 „iddopcia

298 3763 522 3851 polluerat
573 3775 650 3841 Ideo
685 3779 809 3860 scripsit
843 3777 912 3859 „vel
945 3794 1015 3840 cum
1044 3778 1222 3843 tardissime
1251 3777 1419 3861 septimo“.

298 3875 404 3943 Verba
433 3897 532 3962 „quae
562 3886 595 3946 et
623 3882 709 3963 prior
730 3880 838 3946 floret“
863 3882 944 3946 sieut
965 3882 1178 3961 positarum,
1208 3901 1301 3948 sensu
1323 3883 1420 3964 plane

299 3984 415 4046 carent.
467 3982 541 4049 Sine
570 3986 635 4051 ullo
660 3987 755 4052 dubio
784 3987 862 4051 haec
889 3983 1098 4068 Theophrasti
1127 3986 1315 4053 conferenda
1342 3993 1423 4051 sunt

300 4081 396 4164 (vul,
422 4085 451 4164 2,
475 4085 508 4166 2)
536 4084 587 4168 „dv
610 4081 719 4154 ἅπασι
742 4087 780 4154 δὲ
802 4083 822 4178 ἦ
844 4085 919 4168 ῥίζα
946 4092 1054 4174 μικρῷ
1081 4085 1238 4176 πρότερον
1260 4084 1419 4178 &amimae

298 4209 353 4252 roo
375 4188 528 4254 auctorit
572 4191 660 4268 Quae
682 4195 802 4260 Plinius
830 4194 913 4258 male
935 4196 1030 4260 vertit
1055 4197 1158 4278 „prior
1179 4196 1300 4261 floret“.
1343 4196 1419 4261 dam
