3042 4948
564 359 777 424 ..33-

100 534 291 616 pampinata
323 550 387 596 non
419 535 502 606 sunt,
540 530 788 610 arbusculaeque
824 527 954 594 ficorum
987 531 1020 594 in
1056 529 1231 594 seminariis

100 639 211 721 putari
237 637 313 700 ...“
339 641 371 699 et
394 633 457 698 82ι
485 635 623 715 „Eodem
646 639 787 717 tempore
809 633 907 700 fossas
929 635 1074 715 rivosque
1096 651 1231 716 purgare

102 750 139 808 et
162 745 256 808 elices
285 742 452 820 sulcosque
480 739 626 819 aquarios
655 738 759 803 facere
781 739 957 804 convenit.“
1004 744 1036 804 et
1066 737 1128 802 702
1160 737 1229 819 (71)

105 849 192 928 „Sed
214 853 384 928 antequam
413 843 549 908 fructum
572 861 683 923 cogere
704 844 843 925 incipiat,
873 850 985 909 cuncta
1014 845 1231 928 praeparanda

102 957 202 1016 erunt
223 951 384 1034 superiore
406 968 513 1014 mense
536 996 704 1014 ......
727 950 896 1014 torcularia
916 967 990 1014 vero
1014 955 1046 1013 et
1068 949 1137 1015 fora
1158 951 1229 1014 dili-

104 1059 219 1134 genter
252 1056 422 1120 emundata
453 1057 598 1138 lotoque,
629 1057 661 1118 et
690 1055 716 1117 si
745 1071 797 1118 res
825 1055 871 1118 ita
900 1057 1049 1136 exegerit,
1086 1057 1228 1138 picata“;

104 1159 238 1223 Minime
261 1161 428 1226 verisimile
451 1165 499 1226 est
520 1161 694 1226 Varronem
715 1159 810 1224 Plinii
832 1163 992 1225 auctorem
1014 1159 1119 1226 fuisse.

196 1262 345 1330 Conferas
368 1266 481 1330 deinde
503 1284 584 1346 quae
605 1267 651 1330 le-

103 1373 225 1446 guntur
245 1370 279 1433 in
302 1367 398 1450 §232
423 1389 550 1450 „cerasa
568 1373 651 1437 circa
769 1368 822 1435 cfr.
840 1369 939 1434 Varro
955 1370 980 1448 l,
995 1371 1047 1447 39,
1063 1373 1083 1434 2
1103 1420 1138 1451 „.
1162 1420 1169 1434 .
1193 1377 1226 1436 ot
1335 1437 1338 1446 ,

101 1475 248 1538 brumam
270 1475 362 1540 seri“.
684 1492 755 1540 cum
777 1476 926 1557 pleraque
949 1494 1024 1541 vere
1053 1495 1148 1558 quam
1170 1495 1226 1542 au·

682 1584 792 1644 tumno
813 1581 1000 1662 inserantur,
1025 1583 1150 1647 circiter
1164 1585 1226 1648 sol·

683 1686 803 1750 stitium
839 1686 934 1750 inseri
967 1685 1042 1752 ficos
1074 1705 1133 1752 nec
1164 1707 1228 1754 non

683 1791 876 1855 brumalibus
917 1793 1028 1858 diebus
1069 1793 1221 1858 cerasos.“

684 1894 880 1976 Quamquam
896 1898 1063 1964 intervalla
1076 1900 1228 1980 temporis
1344 1983 1346 1986 Ι

683 2006 874 2081 congruunt,
903 2004 991 2068 locus
1013 2010 1119 2068 tamen
1141 2004 1226 2070 haud

681 2109 762 2172 bene
799 2112 1015 2188 comparatur,
1056 2128 1126 2174 cum
1164 2129 1228 2176 non

686 2216 786 2276 exstet
807 2213 840 2276 in
863 2215 1029 2279 breviario.

188 2307 241 2376 cfr.
265 2310 331 2375 Col.
355 2307 411 2388 XI,
435 2312 464 2392 2,
488 2311 551 2376 96⁸
578 2314 731 2392 „Possunt
753 2317 848 2381 etiam
868 2319 917 2382 his
941 2319 1050 2384 diebus
1072 2321 1172 2385 cerasi
1194 2326 1227 2386 et

106 2415 235 2478 tuberes
257 2419 290 2479 et
308 2414 512 2481 Armeniacae
534 2423 629 2499 atque
652 2423 836 2502 amygdalae
859 2429 1064 2506 caeteraeque
1086 2428 1225 2505 arbores,

103 2535 185 2598 quae
206 2520 327 2600 primae
349 2519 470 2596 florent,
493 2524 589 2589 inseri
611 2526 803 2591 commode.“

188 2623 255 2700 Quo
276 2626 316 2690 de
337 2625 406 2690 loco
428 2627 512 2692 idem
530 2628 683 2710 judicium
705 2631 869 2698 ferendum
894 2640 943 2700 est
970 2636 1067 2716 quod,
1099 2637 1157 2701 tuli
1180 2638 1220 2701 de

105 2729 313 2794 antecedenti.

189 2831 333 2916 Denique
355 2835 496 2902 conferas
518 2857 644 2920 quaeso,

103 2954 185 3016 quae
207 2943 331 3002 exstant
351 2940 385 3004 in
411 2939 429 3022 ἕ
453 2943 516 3005 254
542 2945 645 3024 „Ergo
766 2947 821 3012 cfr.
844 2949 944 3014 Varro
965 2949 998 3027 1,
1027 2950 1069 3014 30
1100 2953 1221 3030 „oleam

102 3059 214 3122 opera:
237 3042 337 3109 taleas
359 3046 511 3111 olivarum
527 3066 644 3130 ponere
678 3055 740 3119 seri
777 3055 1026 3136 interpotarique
1067 3057 1221 3140 oportet“.

101 3146 247 3228 ipsasque
269 3150 355 3214 oleas
373 3151 580 3232 interranea,
679 3157 713 3239 (i.
734 3164 757 3224 t.
780 3161 822 3240 c.)
853 3157 908 3223 cfr.
931 3158 999 3225 Col.
1021 3162 1083 3239 XI,
1114 3165 1153 3241 2,
1182 3163 1225 3227 42

682 3265 716 3344 (i.
740 3271 763 3329 t.
787 3265 827 3344 e.)
865 3265 951 3345 „Hoc
980 3267 1092 3332 eodem
1117 3286 1225 3334 mense

680 3371 714 3434 in
736 3371 892 3452 pastinato
908 3373 1075 3437 seminario
1095 3375 1225 3440 novissi-

680 3493 733 3539 ma
744 3476 857 3555 positio
866 3481 914 3541 est
922 3477 1219 3544 olearistaleae...“

681 3585 713 3643 et
736 3580 775 3642 41
792 3581 825 3659 (i.
842 3585 865 3644 t.
882 3582 922 3662 c.)
949 3583 1078 3663 „iisdem
1100 3584 1222 3662 diebus,

680 3684 735 3749 ubi
764 3688 978 3765 praegelidam
1015 3693 1048 3752 et
1083 3689 1225 3771 pluvium

681 3789 803 3852 caelum
826 3796 883 3869 est,
909 3794 998 3858 oleae
1020 3798 1171 3875 putantur
1192 3798 1226 3858 et

681 3897 913 3961 emuscantur“.

186 4056 196 4087 ¹
216 4050 359 4107 Intervalla
377 4057 503 4124 temporis
521 4065 675 4127 congruunt

185 4138 197 4172 ²
216 4139 359 4195 Intervalla
377 4145 503 4212 temporis
523 4162 577 4200 nou
595 4155 754 4216 congruunt3
773 4165 825 4217 qua
843 4149 877 4204 de
894 4166 923 4205 re
940 4151 1009 4208 infra
1026 4163 1127 4225 agenn.
1186 4213 1188 4218 ,

183 4227 195 4259 ³
215 4228 358 4284 Intervalla
375 4234 502 4301 temporis
519 4243 675 4304 congruunt.

1052 4327 1069 4381 3
