3042 4948
752 342 962 405 ...24-

306 512 452 594 operae“‚
485 507 1047 592 111111111111111155391140.
1092 507 1177 590 543
1202 509 1378 591 „profecto
1403 544 1448 555 -

307 619 482 681 dixemnt“.
525 613 762 695 cfr.Col.l,l,
790 613 838 676 18.
883 612 968 694 544
992 613 1086 694 „nihil
1109 631 1177 678 sero
1193 649 1234 658 -—
1249 613 1448 678 revocari“.

307 720 360 786 cfr.
376 721 401 797 Ι,
417 720 447 796 8,
465 721 521 799 143
545 718 600 796 XI,
619 723 646 796 1,
663 718 713 784 27.
730 719 781 781 28.
797 717 848 781 29.
864 717 916 780 30.
960 715 985 796 5
1005 721 1045 780 45
1071 718 1176 798 „Filex
1194 753 1231 762 -
1255 719 1446 800 inposita“.

307 823 361 890 cfr.
384 823 424 902 Π,
447 823 477 899 2,
502 821 550 902 13,
582 840 644 902 quo
666 823 699 886 in
721 823 823 902 capite
846 822 911 887 Col.
933 827 1061 904 praeter
1082 821 1233 886 Catonem
1259 828 1291 886 et
1312 823 1447 900 Vergi-

307 929 385 991 lium
406 945 503 991 unum
527 926 652 991 Celsum
672 927 789 991 laudat.
834 927 908 991 Loci
931 945 1006 990 sane
1028 927 1111 990 haud
1133 927 1214 991 bene
1236 928 1444 1003 concinunt3

308 1049 409 1112 neque
439 1034 545 1094 tamen
573 1029 651 1092 haec
676 1046 770 1092 causa
792 1033 841 1094 est
862 1048 918 1094 cur
938 1029 1064 1094 Celsum
1092 1033 1251 1094 auctorem
1273 1049 1445 1111 negemus

308 1153 385 1200 esse.
412 1135 551 1198 Pariter
572 1151 623 1197 res
644 1151 678 1198 se
700 1133 795 1198 habet
815 1135 849 1197 in
870 1133 952 1215 546
977 1134 1140 1215 „juncosus
1162 1149 1237 1213 ager
1253 1168 1293 1176 -
1308 1132 1444 1196 1111111-
1490 1155 1491 1192 i

307 1239 390 1305 tur“.
436 1237 755 1315 ch.11,2‚13.11.
799 1236 885 1317 547
910 1239 1113 1316 „umidiorem
1136 1272 1176 1281 -—
1199 1234 1442 1316 supenntegi“.

309 1342 606 1424 cfr.11,2‚9.1o.
632 1341 681 1403 ll.
733 1342 886 1422 Equidem
917 1342 1012 1405 etiam
1038 1359 1076 1404 ea
1098 1341 1212 1414 omnia,
1238 1357 1320 1419 quae
1347 1339 1441 1420 ejus-

308 1448 392 1512 modi
421 1451 510 1520 sunt,
542 1449 578 1508 ut
607 1445 760 1508 exstitisse
790 1464 828 1509 ea
855 1447 1002 1510 inlibris
1030 1446 1070 1509 de
1099 1463 1135 1508 re
1162 1444 1279 1524 rustica
1301 1443 1441 1524 scriptis

308 1550 476 1615 verisimile
499 1550 549 1625 sit,
572 1565 591 1610 e
613 1547 703 1612 Celso
726 1553 851 1630 sumpta
871 1568 939 1614 esse
961 1553 1047 1630 puto.
1083 1549 1121 1612 ln
1135 1547 1196 1612 fine
1213 1546 1231 1629 5
1247 1547 1289 1611 47
1304 1548 1440 1611 Plinius
1490 1587 1491 1632 q

309 1654 480 1718 Democriti
509 1655 709 1734 praeceptum
737 1653 855 1718 laudat.
914 1653 1004 1730 Quod
1032 1657 1185 1717 tamene
1220 1651 1311 1716 Celso
1337 1657 1438 1714 tran·

310 1759 442 1840 scripsit.
493 1756 546 1821 cfr.
570 1757 653 1820 enim
675 1757 754 1821 Plin.
779 1755 797 1838 5
821 1757 882 1820 159
904 1762 937 1822 11
959 1757 1024 1822 Col.
1047 1757 1101 1835 ΧΙ,
1132 1758 1161 1834 3,
1189 1757 1240 1822 61.
1281 1755 1437 1834 Uterque

310 1862 481 1926 Democriti
502 1866 701 1942 praeceptum
720 1862 805 1925 idem
826 1859 925 1938 affert,
949 1881 1049 1943 neque
1071 1880 1145 1926 vero
1162 1861 1281 1925 Plinius
1296 1877 1315 1922 1
1331 1858 1435 1923 Colu-

310 1966 405 2030 mella
433 1966 465 2029 id
496 1966 620 2045 laudat,
650 1983 721 2030 cum
746 1968 843 2030 verba
873 1967 1000 2031 minime
1029 1970 1214 2045 congruant,
1244 1965 1290 2026 ita
1318 1968 1436 2026 tamen
1490 2035 1491 2048 ¹

311 2074 491 2151 comparata
526 2075 615 2146 sunt,
652 2073 687 2134 ut
722 2088 760 2132 ex
796 2072 905 2135 eodem
935 2069 1022 2135 fonte
1058 2069 1170 2134 hausta
1198 2069 1318 2150 possint
1349 2083 1434 2130 1111.

311 2172 391 2253 548
415 2174 475 2253 „Et
496 2175 643 2253 quoniam
660 2211 699 2218 —-
715 2172 870 2252 frugum.
913 2174 955 2238 At
975 2174 1103 2238 minime
1125 2191 1199 2252 ager
1220 2176 1435 2254 praeparatus

312 2283 368 2356 est,
392 2282 428 2340 ut
449 2278 569 2340 semina
590 2277 729 2354 recipiat.
781 2277 861 2340 Nam
884 2279 937 2340 ubi
960 2282 1033 2341 sunt
1054 2279 1137 2357 apud
1159 2277 1293 2340 Plinium
1316 2273 1434 2340 arandi
1490 2259 1491 2354 1

312 2387 344 2444 11
373 2381 565 2443 stercorandi
599 2379 684 2457 leges
718 2380 937 2459 iterandique?
987 2380 1075 2456 Quae
1103 2382 1186 2462 apud
1219 2379 1434 2444 Columellam
1490 2355 1491 2434 1

313 2483 430 2564 optimo
460 2483 569 2545 ordine
592 2483 707 2545 allatae
736 2487 817 2546 sunt.
861 2483 972 2564 Itaque
994 2485 1112 2549 Plinius
1138 2503 1178 2548 ne
1200 2485 1277 2548 haec
1299 2485 1433 2564 quidem

312 2589 379 2670 ipse
402 2586 596 2666 excogitavit,
627 2587 681 2650 sed
705 2604 722 2649 e
745 2585 835 2651 Celso
858 2589 1061 2671 transcripsit.
1110 2586 1164 2652 cfr.
1189 2586 1255 2653 Col.
1278 2589 1317 2664 Π,
1343 2589 1376 2662 6,
1402 2588 1432 2648 1.
1490 2579 1491 2652 l

313 2691 337 2772 5
358 2693 400 2754 50
424 2691 540 2770 „aliqui
563 2728 601 2736 -
624 2690 798 2771 lupinum“.
842 2692 929 2756 Haec
948 2712 966 2757 1
988 2693 1078 2758 Celso
1101 2698 1176 2775 puto
1202 2698 1326 2773 sumpta
1349 2708 1431 2754 esse.

314 2796 424 2876 Neque
446 2795 529 2859 euim
552 2795 634 2877 apud
654 2795 828 2860 Varronem
850 2815 952 2877 neque
975 2799 1058 2879 apud
1081 2797 1285 2862 Columellam
1308 2795 1433 2860 inveni-

314 2906 418 2979 untur,
449 2900 601 2981 ejusmodi
631 2904 737 2965 tamen
765 2907 853 2978 sunt,
886 2907 921 2967 ut
950 2922 988 2967 ea
1018 2903 1050 2965 in
1079 2902 1160 2966 libro
1188 2903 1227 2965 de
1256 2919 1291 2964 re
1312 2900 1433 2964 rustica

315 3007 470 3071 exstitisse
495 3005 567 3085 June
598 3005 798 3084 suspicemur.
853 3005 902 3070 Ad
932 3008 1043 3072 ultima
1063 3007 1160 3070 verba
1187 3006 1264 3068 haec
1290 3004 1433 3068 notanda
1490 3047 1491 3078 ,

316 3115 397 3173 sunt.
442 3109 617 3172 Columella
640 3107 692 3186 (ll,
710 3108 787 3189 7,1)
811 3110 961 3173 hordeum
984 3111 1119 3192 primum
1139 3111 1266 3190 quidem
1286 3109 1320 3173 in
1341 3109 1431 3186 legu-

316 3213 451 3276 minibus
479 3215 632 3288 numerat,
666 3211 773 3274 scribit
795 3215 901 3274 tamen
922 3213 962 3285 Π,
985 3213 1015 3290 9,
1040 3213 1079 3276 14
1112 3214 1289 3295 „proximus
1311 3218 1360 3276 111
1383 3211 1431 3275 his
1490 3255 1491 3270 i

316 3317 480 3382 frumentis
495 3332 570 3379 usus
584 3314 702 3390 hordei,
726 3316 810 3393 quod
825 3316 932 3379 rustici
950 3317 1172 3395 hexastichum,
1189 3319 1316 3398 quidam
1333 3319 1430 3380 etiam
1490 3397 1491 3402 ἵ

317 3421 532 3484 cantherinum
555 3418 714 3500 appellant
735 3419 826 3483 etc.“.
869 3420 938 3485 Hoc
958 3422 1054 3501 igitur
1075 3422 1144 3485 loco
1169 3423 1252 3486 iuter
1272 3420 1431 3485 frumenta
1490 3437 1491 3476 1

317 3525 350 3588 id
372 3522 472 3586 affert.
515 3524 637 3587 Milium
661 3527 694 3585 11
715 3523 859 3602 panicum
874 3523 914 3601 Π,
939 3523 968 3600 7,
993 3527 1011 3586 l
1033 3527 1158 3604 quidem
1181 3526 1339 3606 legumina
1361 3541 1430 3588 esse

318 3627 402 3704 dicit,
425 3631 535 3691 contra
555 3626 595 3703 Π,
619 3625 648 3703 9,
674 3625 712 3688 17
736 3627 842 3691 scribit
867 3629 967 3707 „inter
988 3627 1144 3693 frumenta
1167 3630 1263 3694 etiam
1284 3631 1430 3712 panicum
1490 3625 1491 3692 ξ

317 3737 351 3796 11
371 3732 493 3798 milium
512 3730 657 3814 ponenda
678 3735 759 3806 sunt,
782 3734 924 3812 quamvis
941 3734 1006 3813 Jam
1028 3733 1235 3812 leguminibus
1258 3751 1296 3798 aa
1317 3733 1430 3798 contri-

318 3836 470 3901 buerim“.
514 3836 608 3900 Unde
630 3837 741 3901 merito
762 3838 974 3900 concludimus
992 3835 1196 3901 Columellam
1219 3838 1281 3902 alio
1304 3842 1429 3902 auctore

318 3955 407 4001 usum
431 3957 508 4021 esse,
531 3959 601 4005 cum
623 3939 747 4020 frugum
769 3941 950 4005 divisionem
973 3938 1098 4018 faceret,
1121 3944 1190 4023 alio,
1213 3961 1285 4007 cum
1306 3941 1429 4006 serendi

320 4059 373 4106 eas
395 4042 579 4122 colendique
601 4045 738 4110 rationes
760 4045 957 4109 describeret.
990 4045 1125 4109 Plinium
1147 4048 1186 4111 de
1207 4046 1331 4128 frugum
1354 4047 1428 4110 divi·
1490 4093 1491 4108 i

319 4148 406 4212 sione
429 4163 498 4209 cum
514 4146 689 4212 Columella
709 4166 774 4212 non
795 4147 971 4211 consentire
985 4151 1034 4214 vel
1050 4168 1143 4230 supra
1159 4152 1302 4217 vidimus.
1337 4151 1429 4227 Quid,
1490 4225 1491 4270 1
