3042 4948
750 339 960 408 „12-

299 512 419 576 Plinius
451 511 664 576 eommutavit„
718 507 773 572 en.
806 507 946 587 saner,
988 507 1018 570 a.
1053 505 1187 582 ouerren
1222 507 1252 570 n.
1290 493 1372 572 Phi.
1408 511 1427 571 r.

300 616 350 680 19.
373 615 480 680 Buohe
513 617 542 679 d.
573 620 638 681 nat.
669 615 739 680 hist.
763 613 930 692 Neuburg,
964 610 1044 674 1891
1069 631 1099 691 p.
1124 610 1166 674 53
1190 611 1313 676 adnott.
1358 613 1428 676 Hor

297 720 366 786 fieri
388 726 501 802 potest,
524 719 656 784 utillud
682 710 842 796 ,ὁμοίως“
867 717 950 780 male
964 716 1165 790 intellexerit,
1188 717 1273 796 quod
1290 735 1356 782 non
1380 723 1428 782 est

302 828 352 905 ,in
374 827 501 890 easdem
522 829 627 906 partes
642 823 793 888 dividitur
814 812 833 904 ἡ
857 817 1037 902 γογγυλίς“,
1060 821 1116 886 sed
1141 821 1306 898 ,simihter
1328 829 1426 902 atque

298 932 355 994 noi
393 925 540 1013 ῥαφάνου
573 930 668 994 etiarn
701 927 757 1010 τῆς
789 921 982 1006 γογγυλίδος
1014 930 1089 990 sunt
1122 925 1275 1006 species“,
1308 946 1425 1007 nempe

293 1023 472 1116 -ίίσπερμόυ
492 1056 524 1096 τι
548 1030 638 1114 γένος
656 1028 724 1094 κτλ.
766 1031 910 1107 ,tertiam
925 1032 1061 1111 speeiem
1075 1065 1118 1074 —
1133 1031 1166 1094 in
1181 1029 1258 1096 folia
1274 1034 1424 1096 exeund.

300 1139 354 1204 cfr.
377 1139 448 1216 VH,
469 1139 500 1216 4,
522 1139 552 1202 4.
568 1138 604 1214 3,
629 1137 659 1214 6,
682 1138 712 1200 2.
756 1135 852 1200 Vides
874 1135 1010 1200 Plinium
1032 1136 1168 1217 primum
1189 1130 1248 1197 τὸν
1270 1131 1422 1222 ῥάφανον

297 1251 331 1308 et
351 1239 410 1328 τὴν
432 1238 609 1325 γογγυλίδα
631 1245 839 1316 commutare,
869 1241 983 1304 deinde
1002 1233 1061 1324 τὴν
1083 1235 1282 1324 θριδακίνην
1305 1247 1338 1306 et
1361 1239 1420 1326 τὴν

300 1345 486 1430 γογγυλίδα.
524 1336 755 1426 ,ἆγιυνότερου“
774 1344 893 1409 Plinius
909 1346 991 1408 male
1004 1345 1100 1408 vertit
1121 1346 1154 1410 in
1180 1347 1421 1424 ,angulosum“,

299 1453 434 1517 sumsit
462 1451 668 1528 eontrarium
697 1450 831 1529 pessime
859 1450 984 1514 omnino
1014 1450 1122 1518 scribit
1154 1450 1324 1528 ,anguloso
1355 1471 1424 1518 soa-

299 1559 435 1637 braque“
462 1555 669 1636 Theophrasti
690 1555 786 1618 verba
801 1553 1001 1620 eonhndens.
1036 1553 1182 1633 Denique
1208 1551 1420 1633 ,ἑκκαυλείυ“

299 1667 433 1727 nonest
457 1662 508 1738 ,in
529 1659 605 1725 folin
626 1659 742 1734 exire“,
765 1659 821 1722 sed
847 1658 985 1735 ,saulem
1008 1659 1182 1722 emittere“.
1226 1659 1329 1740 §133
1355 1683 1423 1742 ,re-

299 1768 438 1832 medium
461 1802 500 1812 -
523 1764 683 1828 tollatur“.
728 1761 782 1826 cfr.
805 1762 994 1839 v111,11,4
1013 1752 1417 1848 ,ἄθέριστος-θεριζό-

297 1873 413 1952 perert
439 1875 471 1934 et
493 1886 576 1934 caus.
599 1869 640 1948 pl.
657 1868 709 1947 IV,
735 1867 785 1943 13,
807 1867 837 1932 3.
883 1871 1017 1945 ,terram
1039 1872 1125 1932 amat
1147 1902 1187 1910 —
1211 1888 1275 1933 non
1298 1873 1421 1935 aratn‘.

300 1976 354 2042 cfr.
376 1975 460 2051 VIII,
492 1975 549 2050 11,
580 1972 599 2034 8
632 2021 666 2050 ,.
690 2020 698 2036 .
721 1969 779 2034 καὶ
807 1966 844 2034 τὸ
874 1963 950 2034 ὅλον
976 2007 1015 2014 -
1048 1969 1311 2056 ὄιειργασμένῃ“.
1363 1978 1422 2041 Illa

303 2087 438 2161 ,terram
462 2078 564 2144 amad
590 2077 710 2143 Plinius
732 2077 869 2152 addidit,
901 2077 982 2141 siout
1008 2074 1091 2140 infra
1122 2074 1139 2156 ἓ
1165 2076 1228 2140 134
1253 2079 1421 2155 ,tellurem

299 2188 379 2251 adeo
395 2185 510 2250 amad.
540 2182 644 2247 Etiam
660 2182 693 2244 in
707 2180 732 2262 ἕ
746 2185 806 2244 134
820 2181 1053 2263 Theophrastus
1070 2181 1198 2245 videtur
1211 2186 1421 2267 transcriptus

299 2309 376 2355 esse.
415 2289 469 2354 afr.
492 2289 575 2352 enim
598 2287 760 2364 ,tellurem
778 2288 856 2350 adeo
872 2291 957 2350 amat
973 2321 1012 2330 ν
1028 2287 1222 2366 perveniat“.
1260 2287 1420 2371 Theophr.

298 2394 383 2470 VIII,
408 2394 457 2468 11,
481 2391 500 2452 8
527 2383 707 2470 ,πολλάκις
729 2387 767 2453 δὲ
788 2425 829 2434 -
852 2384 1057 2472 βλυστάνει“.
1109 2388 1133 2469 §
1154 2393 1214 2454 135
1239 2393 1296 2472 „ab
1318 2396 1419 2458 omni·

300 2499 358 2562 bus
380 2530 421 2542 -
443 2495 577 2561 tutum“.
621 2493 675 2558 cfr.
697 2495 781 2574 VIII,
810 2494 838 2574 7,
870 2495 906 2573 83
938 2513 1020 2560 caus.
1044 2495 1086 2575 pl.
1109 2495 1162 2574 IV,
1187 2496 1216 2572 2,
1240 2496 1270 2560 2.
1312 2496 1419 2578 §139

293 2603 395 2680 ,itera
419 2637 459 2646 --
481 2601 615 2666 satum“.
654 2597 708 2666 cfr.
731 2600 762 2664 h.
784 2599 882 2680 phil,
906 2601 935 2676 4,
958 2600 990 2670 2.,
1032 2597 1077 2680 §§
1092 2601 1151 2661 151
1174 2604 1204 2664 et
1224 2603 1287 2665 152
1312 2605 1418 2680 ,venti

293 2714 404 2772 ‚autern
432 2740 466 2750 -
492 2725 530 2769 ex
553 2704 666 2769 nnhe“.
710 2703 765 2768 afr.
787 2704 878 2780 VIII,
910 2704 960 2784 10,
990 2703 1020 2765 3.
1068 2711 1257 2782 ,naseuntur
1285 2713 1318 2770 et
1348 2727 1418 2772 ver·

299 2812 405 2876 miouli
428 2847 467 2856 -
490 2808 698 2878 infervescit“.
744 2807 797 2874 ofr.
820 2809 904 2888 VIII,
931 2809 981 2885 10,
1004 2809 1041 2889 4,
1066 2827 1148 2874 caus.
1164 2811 1207 2890 pl.
1222 2811 1279 2888 IH,
1302 2812 1354 2888 22,
1380 2815 1416 2890 4,

297 2917 351 2993 IV,
376 2917 425 2998 14,
456 2917 484 2984 4.
530 2917 649 2982 Plinius
679 2914 885 2996 Theophrasti
917 2917 1013 2980 verba
1042 2915 1126 2980 haud
1154 2917 1235 2980 bene
1268 2917 1415 2984 reddidit.
1495 2909 1496 2912 ’

302 3027 368 3100 „est
390 3026 423 3084 et
445 3022 600 3086 cantharis
621 3054 663 3064 —
686 3020 849 3086 erodens“.
895 3017 1048 3099 oinVIII,
1067 3020 1162 3097 10,1.
1211 3024 1417 3098 ,scarabaeus

299 3125 444 3207 parvus“.
489 3124 608 3187 Plinius
630 3124 760 3189 addidit.
807 3124 997 3201 ,omnia-
1026 3123 1206 3190 deliciunt“.
1250 3125 1305 3190 cfr.
1329 3127 1415 3204 VIII,

301 3229 351 3310 10,
375 3229 404 3292 4.
453 3230 575 3308 ,oleum
599 3263 637 3272 —
660 3228 834 3291 serantur“.
868 3224 922 3289 efr.
938 3244 1021 3292 raus.
1038 3229 1079 3310 pl.
1093 3226 1133 3307 V,
1154 3231 1204 3306 15,
1221 3230 1251 3294 6.
1295 3231 1417 3296 Plinius

302 3335 556 3416 ,cavendumque
581 3369 619 3377 —
642 3331 803 3398 serantur“
829 3332 959 3397 addidit.
1001 3334 1119 3413 ,irnber
1133 3371 1174 3380 —
1190 3335 1313 3400 oioeri“.
1360 3336 1415 3402 of.

299 3440 390 3516 VIH,
424 3439 462 3516 0,
496 3439 525 3502 5.
583 3438 843 3518 ,maturescentia
872 3473 910 3481 -
940 3440 1069 3518 magist
1121 3438 1176 3504 eir.
1206 3440 1291 3514 VIII,
1323 3441 1352 3517 6,
1385 3442 1415 3504 6.

298 3544 409 3625 §154
442 3546 594 3622 ,caeleste
623 3579 662 3587 -
693 3542 832 3622 robigo“.
878 3542 931 3608 ofr.
960 3544 1052 3623 VIII,
1084 3544 1134 3620 10,
1165 3546 1193 3611 1.
1250 3544 1415 3626 ,frequen-

299 3650 420 3716 tissima
441 3686 482 3694 —
505 3648 658 3712 excelsu.
702 3646 989 3728 cfr.u111‚10,2.
1037 3666 1219 3727 ,commune
1242 3655 1349 3716 autem
1374 3689 1413 3698 -

297 3757 330 3820 id
352 3755 457 3820 facit“.
501 3752 555 3818 afr.
578 3752 663 3830 VIII,
693 3752 722 3829 6,
746 3753 783 3832 5,
814 3773 895 3819 caus.
918 3755 960 3834 pl.
983 3753 1039 3829 III,
1069 3754 1119 3831 22,
1143 3755 1181 3833 3,
1211 3756 1239 3820 h.
1263 3757 1304 3838 pl.
1328 3756 1413 3830 VIH,

299 3860 349 3932 10,
372 3862 400 3924 1.
444 3861 573 3924 Minime
595 3857 828 3940 Theophrastus
851 3859 925 3926 dicit
947 3858 1065 3922 urioam
1088 3877 1251 3926 commune
1274 3862 1414 3927 ommuni

293 3969 437 4030 satorum
458 3965 569 4030 vitium
592 3981 669 4042 esse,
690 3965 745 4028 sed
767 3963 927 4046 proprium
949 3962 1065 4027 oioeria
1101 3964 1220 4030 Plinius
1242 3967 1361 4031 erravit
1381 3967 1413 4029 in

299 4071 384 4148 VIII,
402 4069 452 4145 10,
469 4070 498 4145 l,
522 4087 603 4149 quae
618 4069 831 4151 paragraphus
852 4067 962 4147 incipit
979 4061 1164 4152 ,νοσήματα
1180 4065 1217 4132 δὲ
1230 4071 1294 4132 τῶν
1316 4089 1413 4149 οπερ-

299 4168 470 4253 permar&
492 4169 552 4253 μὲν
575 4169 700 4251 κυινά“,
722 4174 864 4254 sequitur
889 4166 965 4250 ,καὶ
986 4168 1023 4235 τὸ
1045 4164 1111 4236 ὑπὸ
1134 4176 1277 4256 καμπῶν
1299 4173 1413 4239 κατέσ-
