3042 4948
740 351 951 414 ..10-

295 513 518 606 ,πολίτροφοι
540 517 632 602 γὰρ“.
676 521 765 596 Quod
793 538 868 584 sane
898 539 962 586 non
984 525 1034 584 est
1058 515 1224 598 ,nollet-9
1244 517 1420 604 τρέφων“,

290 628 345 691 sed
370 624 527 705 ,πολλοῖς
546 619 772 712 coaptabat
817 625 877 690 Pro
903 625 1091 706 ,speudiam
1123 625 1191 688 sine
1213 627 1310 690 dubio
1331 629 1422 692 scri-

289 733 425 798 bendum
446 737 495 797 est
512 730 770 811 ,canchrudian“.
807 729 861 795 cfr.
882 731 966 794 emm
991 729 1202 808 ,levissimum
1224 737 1257 794 ct
1271 734 1419 797 maxime

290 837 400 900 inane“
429 828 466 916 ,ὃ
489 833 527 898 δὲ
547 836 663 913 χαῦνος
684 831 742 896 καὶ
763 829 882 913 parag
920 835 972 912 ,in
993 835 1108 898 umidis
1136 835 1217 898 seri“
1253 830 1307 914 ,ἒν
1335 840 1421 914 τοῖς

290 934 501 1022 ἒπόμβροις“,
535 941 698 1020 ,quoniam
722 939 821 1002 mmto
843 943 950 1017 egeret
971 939 1139 1004 alimento‘
1176 941 1317 1024 ,τροφῆς
1346 939 1416 1022 γὰρ

288 1043 417 1131 πολλῆς
445 1042 503 1107 καὶ
533 1031 624 1117 οἶτος
654 1040 792 1106 ὄεῖται“.
837 1044 981 1123 Denique
1009 1045 1036 1107 si
1058 1062 1168 1108 verum
1200 1048 1248 1107 est
1269 1045 1416 1109 Plinium

289 1167 384 1230 supra
409 1141 650 1231 ,saltuosos
675 1146 754 1213 falso
775 1150 916 1224 vertisse,
938 1146 1007 1212 ficri
1021 1150 1133 1230 potuit,
1156 1154 1193 1213 ut
1207 1168 1264 1230 pro
1283 1172 1416 1228 ,παχυ-

290 1247 455 1333 astaus&
481 1254 631 1318 scriberet
656 1253 847 1331 „tenmssimi
870 1253 1012 1316 calami“.
1057 1253 1167 1334 Neque
1191 1257 1275 1318 enim
1296 1257 1412 1333 herba,

288 1377 369 1440 quae
391 1360 490 1423 multo
513 1361 585 1437 eget
607 1357 765 1433 alimento,
790 1351 1027 1435 παχυκάλαμος
1040 1375 1109 1421 esse
1125 1364 1223 1438 potet,
1247 1361 1273 1422 si
1287 1360 1413 1424 herbae

289 1463 372 1544 ejus,
403 1480 483 1544 quac
513 1462 634 1526 ePlini
663 1479 755 1526 sensu
785 1457 930 1536 πολλοὺς
950 1458 1081 1546 τρέφει,
1110 1474 1329 1542 argumentum
1359 1470 1415 1529 est

290 1569 387 1632 caulis
408 1586 539 1632 crassus.
584 1566 732 1630 Ceterum
754 1584 793 1630 ex
815 1584 867 1643 eo,
897 1568 981 1647 quod
1003 1567 1123 1632 Plinius
1144 1570 1249 1650 pergit
1270 1570 1413 1635 scribere

292 1673 369 1752 ,hae
390 1671 479 1736 fuere
501 1673 675 1736 sentcntiae
690 1670 866 1735 Alexandro
882 1673 996 1750 Magno
1018 1677 1169 1752 regnante
1189 1674 1282 1750 etc.“,
1304 1675 1413 1755 sequi-

289 1783 350 1854 tur,
370 1783 407 1842 ut
427 1777 547 1842 Plinius
570 1776 818 1857 Theophrastum
840 1777 1080 1856 transcripserit.
1113 1777 1134 1856 ἕ
1156 1781 1196 1841 69
1221 1780 1298 1858 ,Est
1316 1779 1411 1844 diffc-

288 1884 391 1946 rentia
413 1887 446 1945 et
465 1881 587 1958 calami,
617 1883 749 1945 crassior
770 1883 886 1963 quippe
908 1881 1046 1945 melioris
1068 1886 1117 1945 est
1136 1885 1260 1962 generis
1282 1881 1412 1962 (eodem

291 2004 405 2062 errore,
418 2004 511 2067 quem
522 1987 614 2050 modo
627 1988 818 2067 agnovimus,
835 1990 1008 2051 commotus
1016 1986 1136 2052 Plinius
1151 1989 1239 2052 addit
1257 1989 1413 2067 ,crassior

290 2093 406 2173 quippe
427 2091 566 2156 melioris
589 2097 637 2156 est
652 2091 808 2173 generis“)
831 2091 973 2172 plurimis
999 2093 1112 2156 tunitis
1127 2091 1294 2156 Thracium
1315 2095 1411 2157 vesti-

289 2203 342 2261 tur
364 2197 503 2277 (causam
525 2197 614 2261 addit
635 2196 756 2262 Plinius
785 2214 825 2259 ex
847 2215 880 2260 se
901 2197 969 2277 ipso
1001 2197 1059 2274 ,ob
1089 2197 1186 2260 nimIa
1214 2197 1333 2277 frigora
1360 2198 1411 2262 illi

289 2303 401 2384 plagae
425 2300 677 2382 exquisitum“).“
718 2300 772 2365 cir.
789 2301 873 2377 VIII,
890 2301 919 2381 4,
936 2300 966 2365 3.
1003 2300 1146 2380 ,(eadem
1168 2319 1262 2366 causa
1284 2304 1329 2382 et)
1352 2303 1411 2366 tri-

291 2413 428 2471 menstre
451 2407 585 2486 (invenit
608 2406 820 2472 detinentibus
834 2410 933 2470 terras
948 2406 1096 2485 nivibus),
1119 2406 1201 2486 quod
1224 2407 1319 2470 tertio
1342 2405 1412 2472 iere

290 2530 309 2575 a
324 2515 394 2575 satu
409 2528 525 2587 mense,
543 2511 626 2590 (cum
642 2514 674 2574 et
688 2511 721 2575 in
736 2512 857 2593 reliquo
872 2511 1131 2592 orbe)met1tur“.
1163 2509 1217 2576 cfr.
1230 2510 1315 2586 VIII,
1333 2513 1361 2588 l,
1376 2513 1409 2574 4.

291 2615 379 2692 Quae
401 2617 489 2680 uncis
511 2617 623 2680 inclusi
638 2617 758 2682 Plinius
780 2617 902 2680 addidit
922 2616 1061 2696 itemque
1082 2616 1160 2680 haec
1184 2617 1350 2695 ,totishoo
1366 2654 1408 2664 -

289 2722 433 2786 laetius“.
463 2721 544 2784 Nam
559 2739 616 2803 per
631 2722 717 2803 alpes
733 2726 817 2786 certe
832 2721 956 2802 saepius
970 2719 1127 2803 proiectus
1149 2725 1207 2798 est,
1230 2739 1301 2785 cum
1323 2728 1357 2786 et
1373 2724 1410 2786 in

291 2825 394 2890 Gallia
417 2831 449 2890 et
470 2827 502 2891 iu
526 2827 694 2892 Germania
717 2844 788 2890 eum
809 2829 941 2912 constet
956 2824 1061 2890 fuisse.
1114 2827 1342 2905 „unicalamum
1365 2861 1410 2873 -

290 2933 416 3013 capax“.
440 2931 494 2996 cfr.
503 2932 588 3013 VIII,
598 2933 659 3009 4,4
672 2929 838 3016 ,τρίμηνοι
848 2921 1132 3005 δέ-ἆσθενεῖς“.
1158 2933 1408 3012 ,seriturque-⁴

289 3037 405 3102 terra“.
449 3035 502 3100 cfr.
526 3055 609 3101 caus.
632 3037 820 3118 pl.111,21‚
843 3037 873 3100 2.
917 3034 1004 3116 §70
1036 3041 1102 3115 „est
1131 3041 1163 3100 et
1192 3037 1409 3101 bimestre-
1498 3057 1499 3066 ¹

289 3142 371 3205 cirta
393 3140 589 3221 Carystum“.
620 3140 674 3207 cfr.
690 3141 774 3217 VIII,
790 3142 820 3217 4,
837 3139 858 3201 4
884 3135 937 3219 ,ἐν
953 3128 1007 3215 αἶς
1019 3136 1078 3202 καὶ
1092 3135 1129 3203 τὸ
1145 3176 1184 3186 -
1201 3136 1409 3224 Καρυστίᾳ“.

289 3245 409 3312 Plinius
437 3247 519 3309 male
547 3246 626 3325 legit
656 3241 753 3327 ,aspi
781 3245 838 3328 τῆν
859 3239 1032 3325 Αἱνείανίι,
1064 3263 1145 3325 quae
1173 3248 1248 3311 urbs
1276 3247 1336 3310 sita
1359 3249 1411 3310 est

289 3353 322 3416 in
340 3351 527 3416 Chalcidice.
562 3340 674 3426 Αἶνος
695 3352 770 3415 urbs
792 3354 840 3414 est
861 3349 1020 3414 Thraciae.
1061 3352 1251 3430 „montuosis
1273 3356 1409 3432 utraque
1498 3365 1499 3374 ¹

292 3457 451 3538 partibus“
475 3456 595 3521 Plinius
625 3455 755 3521 addidit.
803 3453 933 3534 „Graeci
963 3492 1005 3504 -
1033 3457 1198 3536 aequent“.
1244 3455 1297 3521 cfr.
1320 3457 1407 3534 VIII,

290 3560 319 3638 1,
350 3561 386 3638 4;
414 3562 451 3638 4,
482 3560 501 3623 5
535 3554 630 3639 ,ἐπεὶ
652 3557 711 3624 καὶ
740 3592 783 3605 -
812 3554 1020 3640 laudabant
1059 3561 1136 3639 Non,
1153 3565 1328 3640 congruunt
1352 3566 1411 3640 „ut

292 3665 415 3745 singula
444 3665 544 3747 spicas
577 3668 700 3731 nostras
737 3666 890 3747 aequans
924 3671 956 3729 et
988 3657 1089 3743 ,ὥστε
1119 3667 1262 3750 πυρῆνος
1290 3659 1411 3744 ἐλαίας

292 3769 435 3851 μέγεθος
449 3762 657 3852 λαμβάνεινιι.
688 3768 895 3836 schwartzius
909 3771 1043 3848 benigne
1059 3769 1268 3850 conjecturam
1283 3789 1409 3836 mecum

290 3874 537 3940 communicavit.
587 3876 681 3940 Putat
716 3876 851 3940 Plinium
890 3876 1003 3954 legisse
1040 3893 1309 3958 πυρηνασταχυος
1348 3895 1409 3957 pro

291 3977 556 4060 πνρηνοςελαιας.
599 3979 624 4061 ἕ
637 3984 676 4044 71
702 3983 856 4064 „primum
870 4014 912 4025 -
927 3980 1110 4044 hordeum“.
1153 3978 1206 4045 cfr.
1222 3979 1307 4056 VIII,
1333 3984 1359 4061 1,
1377 3981 1410 4044 3.

294 4083 463 4162 „hordeum
486 4119 526 4127 -
550 4103 588 4148 ex
608 4086 758 4152 hordeo“.
802 4085 855 4150 cfr.
887 4085 917 4148 h.
940 4085 982 4166 pl.
1003 4085 1057 4162 IV,
1087 4086 1117 4162 4,
1147 4083 1166 4146 9
1199 4082 1337 4166 ,κριθαὶ
1369 4082 1410 4148 δὲ

289 4183 346 4250 καὶ
370 4221 409 4230 -
434 4181 471 4264 ἐξ
492 4173 529 4249 οὗ
549 4183 587 4250 τὸ
610 4183 743 4272 impp&
773 4190 853 4272 (10).
897 4191 945 4254 Ex
974 4209 1028 4268 co,
1059 4191 1142 4271 quod
1173 4189 1410 4272 Theophrastus
