3042 4948
596 359 786 422 -9-

126 527 152 597 I,
171 524 201 601 9,
217 525 247 586 4.
277 524 326 588 Ad
342 541 389 604 ca,
413 543 495 605 quae
511 530 635 590 exstant
650 526 775 609 iusso
797 530 851 595 cir.
866 532 951 610 VIII,
968 534 997 610 2,
1015 533 1044 598 6.
1068 532 1104 612 73
1126 534 1156 610 3,
1172 534 1201 596 4.
1218 537 1247 600 5.

127 629 224 707 Quid,
254 631 336 712 quod
364 629 484 694 Plinius
506 631 614 696 scribit
645 632 697 710 ,in
723 634 939 717 Peloponneso
970 637 1118 715 octavo“,
1149 639 1250 704 Theo-

127 737 393 818 phrastusautem
415 730 525 816 „huod
545 733 582 798 δὲ
601 739 671 813 τοῖς
681 736 850 824 ulciscere
864 731 1010 825 dyoopr
1043 740 1249 810 schwartzius

128 842 265 920 benigne
287 840 497 921 conjecturam
519 859 640 906 mecum
663 846 912 912 communicavit.
946 846 1007 924 Qui
1023 852 1129 912 censet
1143 849 1248 928 legen-

129 947 206 1009 dum
228 963 297 1008 esse
323 940 433 1027 „noodr
456 941 495 1006 da*
515 947 586 1022 τοῖς
604 936 779 1025 Ἠλείοις“,
803 951 849 1014 ita
870 955 906 1014 ut
926 950 1046 1016 Plinius
1075 971 1131 1034 pro
1155 954 1247 1018 Elide

128 1050 271 1131 posuerit
292 1050 551 1130 Peloponnesum.
598 1050 719 1116 Deinde
749 1055 781 1116 ni
811 1053 903 1119 fallor
933 1055 1052 1121 Plinius
1082 1059 1123 1124 ad
1146 1057 1248 1123 Theo·

126 1155 249 1236 phrasti
274 1151 351 1232 „aot
374 1146 423 1216 ἔτι
444 1149 485 1215 τὰ
506 1151 566 1234 μὲν
588 1145 791 1238 ἆκρόκαρπα,
814 1155 855 1220 τὰ
878 1157 915 1223 δὲ
929 1155 1169 1243 πλαγιόκαρπα
1189 1160 1247 1225 καὶ

127 1253 193 1322 ὅσα
217 1255 256 1342 δὴ
281 1248 366 1320 dua
386 1253 505 1342 ταύτης
528 1247 635 1337 ἔχεται
656 1261 713 1344 τῆς
733 1258 899 1344 dempto&
932 1268 1075 1346 exempla
1103 1267 1159 1331 illa
1184 1265 1247 1331 h'u-

126 1364 236 1444 menti,
245 1362 346 1440 fabae,
354 1363 546 1442 leguminum
555 1365 622 1445 ipse
630 1364 753 1445 adjecit.
769 1364 794 1446 ἕ
800 1370 840 1430 61
850 1367 1007 1447 ,Tunicae
1018 1405 1061 1414 -
1072 1373 1248 1437 mordacior

127 1469 281 1534 hordeo“.
325 1467 377 1533 cfr.
401 1468 488 1546 VIII,
517 1468 600 1546 4,1.
643 1469 764 1534 PlinIus
793 1490 930 1536 errorem
962 1476 1133 1553 commisit,
1163 1477 1246 1558 quod

124 1574 252 1655 scripsit
277 1573 447 1652 „hordeum
469 1575 604 1639 maxime
634 1577 753 1641 nudum
783 1582 815 1640 et
844 1579 996 1659 arinca,
1029 1581 1098 1644 sed
1127 1599 1245 1662 prae·

125 1681 252 1760 cipue
283 1680 447 1744 avena“.
500 1681 644 1760 Minime,
677 1680 910 1762 Theophrastus
937 1683 1013 1746 dicit
1045 1685 1182 1748 arincam
1214 1693 1247 1751 et

127 1803 261 1850 avenam
290 1779 483 1848 πολύλοπον
514 1803 597 1862 esse,
624 1787 646 1849 i.
670 1804 697 1850 e.
720 1780 955 1864 :dexterior
985 1785 1127 1864 πολλοῖς
1149 1779 1244 1855 εἶναι.

124 1891 247 1954 Plinius
268 1889 348 1954 illud
365 1885 558 1953 πολύλοπον
572 1892 666 1973 plane
681 1891 827 1970 neglexit.
872 1891 949 1972 §63
974 1893 1026 1970 „in
1048 1911 1109 1973 quo
1131 1895 1245 1976 princi-

123 1999 236 2078 patum
260 2030 298 2038 -—
321 2012 385 2058 non
412 1995 584 2076 pervenit“.
629 1995 683 2060 cir.
706 1995 791 2070 VHI,
814 1997 843 2070 4,
870 1995 898 2057 5.
923 1995 952 2057 3.
996 1996 1094 2060 Recte
1116 1998 1243 2080 Plinius,

123 2118 200 2164 cum
221 2103 381 2163 excuteret
402 2101 499 2166 verba
522 2099 539 2182 ἕ
558 2101 586 2180 5,
610 2101 733 2183 scripsit
758 2101 808 2179 „in
830 2118 893 2180 quo
914 2100 1120 2181 principatum
1143 2105 1246 2169 tenuit

122 2205 289 2269 Boeotia“.
335 2204 417 2280 Quid
448 2211 497 2269 est
518 2205 641 2270 levius?
676 2197 712 2284 ,d
742 2198 907 2279 σικελικὸς
935 2199 1056 2284 πυρὸς“
1089 2209 1245 2273 antecedit

123 2310 211 2390 apud
235 2308 500 2390 Theophrastum
524 2310 632 2375 scribit
653 2310 774 2375 Plinius
799 2310 890 2388 „dein
905 2308 1041 2374 Sicilia“.
1079 2312 1246 2379 Antecedit

124 2415 202 2479 huic
224 2414 305 2495 apud
321 2411 572 2495 Theophrastum
599 2407 635 2494 „d
657 2409 843 2491 aenaea.
880 2415 949 2479 Hoc
971 2416 1110 2481 triticum
1125 2418 1245 2484 Plinius

122 2519 247 2594 omisit,
280 2519 380 2598 „quod
402 2520 435 2583 in
457 2519 581 2583 Italiam
603 2538 666 2583 non
691 2520 864 2601 pervenit“,
888 2525 983 2600 atque
1005 2523 1064 2586 sibi
1086 2522 1175 2604 fingit
1197 2544 1244 2602 ea,

123 2642 209 2704 quae
230 2625 262 2688 in
286 2621 304 2703 ἕ
328 2624 348 2687 3
374 2630 607 2702 enumerantur,
632 2644 649 2689 e
671 2625 818 2707 ponderis
840 2626 949 2689 ordine
971 2627 1145 2706 conscripta
1166 2645 1243 2691 esse.

123 2729 299 2794 Exordium
329 2727 448 2793 faciunt
480 2727 668 2812 ηλιβυκοιίῆ
702 2731 809 2794 scribit
838 2729 958 2794 Plinius
989 2749 1079 2808 „mox
1108 2729 1243 2796 Africa“.

123 2833 283 2898 Secuntur
304 2835 388 2915 apud
412 2833 660 2917 Theophrastum
687 2833 859 2916 ,,θρᾷκες“,
890 2850 965 2896 sane
994 2835 1121 2914 quidem
1150 2837 1244 2899 tertio

120 2939 219 3019 hujus
240 2941 331 3004 seriei
353 2940 431 3005 loco.
470 2939 585 3004 Scribit
605 2939 725 3002 Plinius
750 2939 896 3015 ,tertium
919 2938 1040 3019 pondus
1063 2943 1131 3001 erat
1147 2939 1243 3001 Thro-

121 3045 205 3108 cio“.
249 3045 351 3122 Male,
381 3064 453 3109 nam
476 3046 503 3110 si
525 3046 666 3109 ordinem
688 3059 814 3107 servare
836 3044 972 3120 volebat,
995 3041 1192 3106 scribendum
1215 3043 1244 3106 ei

120 3152 195 3212 erat
219 3154 382 3230 ,quartum
410 3151 533 3232 pondus
556 3150 632 3214 ete.“
666 3147 820 3229 (Boeotia,
851 3146 966 3224 Sicilia,
997 3147 1113 3224 Africa,
1146 3147 1244 3211 Thra-

122 3253 199 3335 cia).
250 3253 404 3319 Secuntur
431 3257 513 3337 apud
537 3254 787 3336 Theophrastum
813 3241 1016 3333 „drudpah
1046 3259 1132 3317 reete
1161 3256 1244 3334 apud

121 3359 261 3423 Plinium
299 3359 445 3442 ,Syrio“;
486 3361 569 3442 apud
611 3359 859 3441 Theophrastum
899 3349 1122 3437 ‚poemat
1158 3362 1244 3421 recte

123 3465 211 3544 apud
238 3464 374 3530 Plinium
414 3465 546 3545 ,deinde
584 3471 614 3530 et
648 3461 842 3548 Aegypti0“;
880 3462 962 3542 apud
995 3459 1244 3544 Theophrastum

126 3565 306 3648 „otoetor'“.
352 3570 421 3635 Hoc
444 3570 581 3634 triticum
604 3567 723 3632 Plinius
751 3569 801 3631 vel
824 3585 919 3648 supra
940 3566 1090 3630 laudavit.
1133 3566 1244 3647 Itaque

126 3673 353 3755 „Aegyptium
393 3675 538 3739 ultimum
574 3677 638 3750 est,
683 3675 766 3754 quod
802 3691 820 3735 e
858 3672 1074 3755 Theophrasto
1110 3690 1244 3735 comme-

122 3795 249 3843 morare
271 3785 384 3860 potest.
427 3779 498 3844 Jam
520 3780 603 3844 redit
624 3779 663 3842 ad
686 3775 703 3859 ἓ
721 3778 740 3840 5
762 3781 795 3840 ot
810 3777 870 3841 hoc
891 3796 961 3841 cum
984 3776 1087 3841 tritico
1109 3776 1244 3857 pessime

121 3883 286 3964 conjungit
315 3901 369 3961 ea,
403 3903 483 3965 quae
513 3883 747 3966 Theophrastus
776 3882 852 3946 dicit
885 3883 924 3945 de
950 3883 1053 3945 tritico
1084 3880 1243 3948 Boeotiae.

114 3988 149 4071 «ἕ
171 3991 212 4051 64
236 4007 294 4067 ,ex
318 3989 402 4053 omni
427 4025 467 4034 -
488 3986 668 4053 alimento“.
705 3984 758 4051 cir.
782 4003 866 4049 caus.
886 3987 927 4068 pl.
947 3985 1002 4066 ΠΙ,
1027 3986 1078 4064 21,
1102 3988 1122 4050 2
1148 3979 1184 4066 „d
1207 3984 1245 4050 dd

120 4087 260 4173 λιβυκὸς
283 4129 322 4137 -
346 4088 614 4173 παχυκάλαμος“.
649 4090 883 4171 Theophrastus
905 4108 967 4155 non
989 4091 1065 4155 dicit
1080 4091 1242 4156 Graeciam

119 4199 310 4263 dracontian
347 4205 405 4264 etc.
436 4199 631 4280 praetulIsse.
682 4196 803 4260 Plinius
836 4201 941 4260 autem
974 4197 1057 4260 male
1089 4195 1244 4259 intellexit
