3042 4948
754 344 963 408 „25-

306 515 419 589 tauren,
454 517 490 574 ut
519 530 575 594 pro
608 512 781 590 ,triticum“
814 531 938 594 semper
968 515 1028 580 dici
1051 521 1157 596 posset
1182 517 1446 594 „frumenturrr·,

306 634 368 680 non
390 621 496 681 autern
518 634 574 699 pro
601 615 826 692 ,frumentum“
852 635 976 699 semper
1001 620 1189 696 ,triticum“.
1232 621 1309 686 Hic
1337 628 1447 684 autem

307 720 393 783 locus
415 721 573 786 desiderat
598 719 823 798 ,frumentuw
850 723 999 802 legumini
1022 726 1207 805 oppositum.
1263 725 1372 801 Quae
1397 745 1447 788 ex·
1492 749 1494 822 p

306 829 392 890 stant
413 826 445 889 in
467 824 548 906 §61
568 826 640 890 inde
664 828 703 891 ab
729 827 780 904 „in
803 845 877 891 area
899 829 1099 893 exteruntur·“
1129 847 1227 910 usque
1261 830 1313 892 ad
1349 827 1446 892 finem

306 928 388 994 haud
417 932 480 994 scio
511 950 550 994 au
573 930 663 995 Celso
693 930 882 1008 debeantur;
920 937 1005 995 certe
1034 934 1146 1014 eidem,
1180 952 1280 1014 quern
1318 933 1445 996 Plinius

305 1036 447 1114 seqnitur
475 1035 507 1098 in
538 1032 555 1114 ἓ
579 1032 651 1097 298.
703 1034 739 1097 ln
767 1033 852 1115 §70
877 1035 996 1100 Plinius
1020 1036 1213 1103 Columellas
1231 1038 1443 1118 obloquitur.

306 1139 359 1203 cfr.
376 1139 414 1219 ll,
431 1139 461 1216 9,
477 1139 506 1206 8.
546 1138 606 1202 Hic
627 1139 713 1203 locus
735 1140 824 1202 testis
847 1144 895 1203 est
915 1140 1050 1205 Plinium
1073 1141 1285 1206 Columellam
1309 1143 1441 1220 legisse,

305 1245 380 1309 item
397 1243 414 1324 ᾗ
430 1243 503 1319 303,
527 1263 596 1308 cum
612 1243 729 1306 Plinius
747 1243 952 1308 Columellam
976 1245 1101 1308 aliunde
1124 1251 1259 1325 nequeat
1285 1247 1439 1310 laudare.

305 1347 373 1411 Hoc
395 1349 583 1411 monendum
603 1352 652 1411 est
673 1347 807 1412 Plinium
823 1348 1015 1413 Columellae
1039 1354 1151 1412 neutro
1174 1349 1242 1414 loco
1264 1349 1438 1422 assentiri,

305 1454 350 1516 ita
372 1457 407 1516 ut
429 1453 596 1515 verisimile
618 1454 659 1516 sit
675 1451 811 1514 Plinium
835 1452 929 1516 etiarn
952 1453 1004 1517 ubi
1027 1453 1124 1516 verba
1145 1453 1225 1516 bene
1248 1457 1439 1532 congruant

305 1556 439 1636 Celsum,
462 1574 526 1620 non
547 1556 752 1620 Columellam
775 1556 871 1634 sequi.
910 1556 1105 1636 Quamquam
1129 1563 1246 1620 cenum
1268 1558 1437 1638 judicium
1495 1559 1496 1562 ’

304 1662 355 1724 vix
377 1657 451 1724 ferri
474 1666 585 1741 potest.
627 1661 650 1741 ,d
663 1664 704 1724 83
728 1679 784 1739 ,ex
807 1661 890 1723 omni
913 1678 1027 1739 genere
1044 1695 1083 1705 -
1099 1663 1342 1741 sitientesque“.
1376 1659 1432 1722 cir.

305 1765 372 1830 Col.
387 1764 427 1841 II,
446 1764 474 1842 8,
490 1765 519 1827 4.
564 1766 650 1828 Haec
671 1764 802 1829 fortasse
818 1764 908 1828 Celso
930 1767 1097 1829 tribuenda
1118 1769 1191 1830 sunt
1211 1767 1361 1846 itemque
1385 1780 1434 1835 ea,

304 1888 384 1949 qnae
407 1873 530 1933 exstant
551 1870 584 1931 in
605 1866 655 1948 §§
672 1871 711 1930 79
733 1873 762 1932 ei
778 1871 821 1932 80
844 1874 973 1950 excepta
995 1870 1106 1933 ultima
1123 1872 1295 1950 sententia,
1334 1885 1430 1949 quarn

303 1991 341 2036 ex
362 1971 576 2053 Theophrasto
605 1979 760 2055 sumptam
784 1992 852 2038 esse
875 1975 948 2038 dixi.
992 1971 1045 2038 cir.
1069 1973 1109 2050 ll,
1133 1973 1161 2049 9,
1186 1975 1216 2037 3.
1240 1977 1290 2040 14.
1319 1977 1355 2037 4.
1381 1972 1431 2034 15.

304 2076 391 2154 Quae
414 2082 536 2141 exstant
558 2079 591 2141 in
613 2078 689 2156 §85
714 2079 884 2157 ,siliginem
901 2113 943 2121 —
959 2079 1120 2142 serantur“
1146 2079 1271 2144 eCelso
1291 2079 1430 2161 possunt

302 2188 427 2263 sumpta
455 2200 533 2246 esse.
589 2181 642 2246 cfr.
668 2182 758 2262 ll,9,
784 2183 832 2245 13.
859 2183 908 2244 11.
953 2182 1057 2247 Verba
1089 2185 1216 2262 „quales
1245 2184 1366 2248 ltaliae
1391 2213 1426 2222 α

303 2287 433 2350 transit“
459 2287 542 2350 haud
565 2287 628 2350 scio
651 2305 691 2350 an
707 2287 825 2349 Plinius
844 2287 1008 2350 addiderit.
1042 2288 1146 2351 Etiam
1169 2306 1216 2363 ea,
1240 2307 1325 2368 quae
1350 2284 1427 2362 legi-
1495 2287 1496 2299 ¹

304 2409 372 2454 runs
394 2391 427 2454 in
449 2389 474 2470 ,d
494 2394 532 2452 91
556 2391 707 2470 ejusmodi
729 2397 811 2468 sunt,
842 2396 877 2454 ut
899 2392 982 2472 apud
1003 2390 1128 2456 Celsum
1149 2394 1271 2472 possint
1291 2393 1426 2455 inventa

303 2511 382 2557 esse.
427 2495 569 2572 Magonis
592 2496 778 2558 sententiam
802 2497 834 2558 in
851 2492 899 2574 §§
916 2497 957 2557 98
972 2498 1000 2556 et
1013 2497 1052 2558 99
1067 2514 1084 2559 e
1101 2495 1192 2560 Celso
1213 2493 1424 2575 transcripsit.

302 2597 406 2679 §101
439 2604 565 2676 ,vetant
586 2634 629 2641 —
651 2600 894 2663 existimantem.
948 2597 1068 2662 Similia
1097 2601 1180 2681 apud
1212 2598 1425 2663 Columellam

302 2723 366 2768 non
387 2704 521 2766 invenio.
576 2704 697 2767 Deinde
719 2704 848 2780 Plinius
878 2708 1042 2785 postquam
1072 2705 1112 2766 de
1133 2701 1295 2784 fermento,
1327 2717 1423 2784 pane,

303 2809 382 2872 alica
398 2807 552 2889 dissemit,
575 2811 615 2873 ad
637 2810 829 2888 leguminum
852 2808 1092 2888 descriptionem
1114 2808 1226 2871 transit
1240 2812 1337 2886 atque
1359 2803 1424 2886 pri·

302 2933 385 2977 mum
417 2914 543 2994 quidem
574 2915 613 2978 de
638 2913 711 2978 faba
732 2914 879 2993 loquitur.
931 2913 990 2977 Vix
1013 2913 1074 2976 dici
1096 2917 1200 2992 potest
1222 2929 1304 2991 quae
1327 2909 1421 2980 Celso

302 3021 485 3083 debeantur.
532 3017 580 3081 Ad
609 3019 686 3082 haec
715 3019 782 3081 sola
814 3019 900 3096 „sola
928 3023 1012 3080 certe
1044 3015 1168 3095 hugum
1197 3017 1292 3078 etiarn
1326 3028 1423 3078 exesa
1498 3047 1499 3082 ,

302 3123 441 3203 repletur
463 3126 620 3185 crescente
639 3122 732 3183 luna“
758 3122 871 3184 similia
886 3122 969 3200 apud
986 3120 1191 3184 Columellam
1207 3121 1420 3184 inveniuntur.
1498 3127 1499 3170 l

302 3225 332 3290 cf
349 3274 354 3285 .
370 3226 410 3303 ll,
430 3226 478 3302 10,
498 3225 546 3288 10.
586 3225 699 3303 ,etiam
722 3225 832 3287 exesa“
858 3226 877 3287 i.
895 3243 922 3288 e.
948 3225 1062 3303 „etiarn
1084 3226 1109 3288 si
1133 3222 1293 3288 confestim
1316 3228 1419 3288 totum

301 3350 408 3396 semen
430 3331 544 3413 operiri
567 3349 627 3393 non
651 3330 781 3410 poterit,
813 3317 857 3392 ita
880 3334 915 3393 ut
935 3330 983 3394 sol
1005 3347 1111 3394 semen
1134 3329 1277 3392 exedat“.
1329 3327 1418 3402 Quae

301 3441 425 3500 exstant
445 3438 478 3501 in
499 3436 608 3518 §123
635 3452 745 3516 param
774 3452 843 3498 cum
866 3434 1058 3500 Columellas
1083 3435 1186 3498 verbis
1208 3433 1417 3496 consentiunt.

301 3539 355 3604 cir.
378 3540 417 3617 ΙΙ,
445 3542 492 3622 10,
516 3543 545 3605 5.
568 3542 597 3603 4.
642 3539 678 3604 In
699 3537 724 3620 ἕ
744 3541 807 3602 124
825 3539 943 3606 Plinius
966 3538 1214 3619 Theophrastum
1237 3541 1269 3600 et
1290 3535 1415 3600 Celsum

301 3650 333 3709 et
354 3646 482 3710 tertium
505 3645 635 3710 fortasse
659 3649 817 3709 auctorem
842 3646 992 3726 sequitur.
1029 3641 1081 3705 cfr.
1096 3641 1163 3706 Col.
1175 3641 1212 3721 ΙΙ,
1231 3641 1280 3720 10,
1297 3640 1348 3702 20.
1369 3635 1414 3700 19.

300 3749 397 3814 Vides
419 3750 554 3814 Plinium
584 3754 615 3812 ct
644 3748 850 3813 Columellam
880 3767 943 3812 non
973 3746 1098 3809 easdem
1129 3747 1236 3810 ciceris
1258 3745 1416 3827 speciose
1498 3751 1499 3754 ’

303 3851 395 3918 Celso
421 3856 636 3920 transcribere.
688 3852 793 3935 §125
823 3869 945 3930 ,serere
966 3883 1010 3894 -
1031 3850 1247 3916 Novembris“.
1298 3848 1352 3912 cfr.
1375 3844 1411 3920 ll,
1498 3853 1499 3880 ¹

304 3955 353 4030 10,
368 3955 399 4018 4.
437 3958 615 4022 Communis
631 3958 740 4022 Celsus
762 3961 871 4021 auctor
892 3973 960 4018 esse
983 3959 1093 4035 potest.
1131 3953 1222 4031 Quod
1243 3951 1415 4018 Columella
1498 4037 1499 4040 Ἴ

300 4059 408 4123 scribit
439 4064 496 4136 ,ab
526 4063 614 4138 hoc“,
644 4063 703 4126 nisi
734 4063 773 4125 de
802 4067 942 4140 tempore
972 4059 1101 4122 sationis
1130 4059 1267 4138 intellegi
1298 4057 1412 4139 nequit.
1498 4109 1499 4118 ,

300 4164 498 4228 Antecedunt
520 4170 624 4228 autem
647 4167 686 4229 de
708 4165 806 4245 lupini
830 4163 950 4227 satione
972 4163 1048 4227 haec
1069 4160 1101 4242 (ξ
1118 4163 1151 4242 2)
1175 4168 1288 4243 „atque
1308 4163 1388 4227 id..
1406 4204 1412 4217 ·
1498 4149 1499 4230 J
