3042 4948
595 351 784 415 -7.,

117 522 189 587 hoc
212 521 330 586 clarum
354 524 402 585 est
423 519 559 584 Plinium
582 520 659 584 haec
680 521 831 586 verbam
852 523 993 601 margine
1014 525 1148 600 notasse,
1179 541 1249 588 cum

119 627 254 706 reliqua
280 644 336 707 „ex
358 625 477 691 hordeo
499 659 542 670 —
563 625 597 690 in
618 624 779 704 herbam“‚
806 626 961 706 ,radicem
983 627 1115 692 crassior
1129 646 1201 710 pars
1216 633 1249 693 et

120 729 257 796 florem“
277 732 361 812 apud
377 729 627 812 Theophrastum
646 733 770 794 exstent
784 730 817 794 in
831 732 1026 814 paragrapho
1042 733 1248 797 antecedenti.

122 835 212 900 Cum
235 839 340 900 autem
367 834 481 918 „quae“
509 839 541 899 et
563 836 604 899 ad
624 834 796 915 ,radicem“
818 837 906 900 etad
925 835 1089 916 „herbam“
1107 837 1250 918 quadret,

122 940 210 1006 falso
240 942 308 1006 loco
339 959 357 1005 e
386 941 527 1020 margine
554 939 588 1003 in
618 942 738 1003 textum
759 941 984 1021 transpositum
1006 946 1062 1006 est.
1107 941 1251 1023 Denique

122 1046 252 1110 Plinius
273 1046 355 1110 male
377 1045 481 1122 vertit,
504 1045 588 1126 quod
610 1044 718 1108 scribit
743 1044 898 1124 „radicem
920 1046 1052 1111 crassior
1066 1065 1139 1128 pars
1160 1047 1250 1126 grani

123 1149 250 1232 frmdit,
281 1149 405 1215 tenuior
434 1148 574 1226 florem“,
605 1166 676 1214 cum
702 1144 756 1230 ,cb
776 1144 885 1230 noph
919 1151 963 1215 nil
986 1152 1071 1216 aliud
1094 1152 1135 1216 sit
1156 1170 1250 1232 quam

130 1254 319 1336 „granum“.
362 1254 483 1318 Plinius
505 1260 608 1318 autem
636 1253 711 1334 ,coi
726 1252 870 1333 παχέος“
889 1256 965 1336 legit
979 1274 1038 1339 pro
1054 1256 1249 1338 appositione
1337 1331 1343 1346 .

124 1361 173 1426 ad
199 1361 274 1441 ,aab
295 1353 401 1423 adco“
434 1364 529 1440 atque
562 1353 616 1439 ,τὸ
639 1348 723 1420 lived
757 1360 817 1425 sibi
845 1358 934 1425 finxit
963 1361 1138 1426 tenuiorem
1160 1361 1250 1440 graui

124 1471 255 1548 partem
277 1483 355 1530 esse.
398 1463 488 1546 §52
521 1463 710 1545 ,Frumento
739 1464 842 1529 hieme
864 1501 907 1510 -
927 1465 1150 1531 feradaceum“.
1194 1462 1249 1530 cfr.

126 1571 217 1650 VIII,
234 1572 264 1648 2,
283 1571 305 1634 4
331 1565 402 1652 ,uda
423 1565 483 1649 μὲν
505 1559 560 1634 οὖν
581 1570 725 1650 χειμῶνα
749 1608 787 1616 -
810 1565 869 1632 καὶ
893 1569 1102 1652 γονατοῦται“
1129 1574 1161 1635 et
1183 1571 1250 1647 3,2

132 1669 258 1758 ,πάλιν
288 1667 305 1738 ὃ
336 1671 454 1752 καυλὸς
483 1711 523 1720 -
551 1669 768 1759 ναρθηκώδης
793 1673 949 1755 μᾶλλον“.
1001 1675 1121 1740 Plinius
1149 1692 1250 1757 pauca

128 1799 173 1846 ex
196 1781 410 1862 Theophrasto
433 1780 515 1843 male
538 1783 570 1844 et
591 1780 775 1846 inconcinne
797 1780 938 1861 arripuit.
982 1778 1007 1861 ἕ
1028 1779 1067 1842 53
1092 1779 1250 1860 ,omnium

127 1887 271 1949 satorum
293 1921 335 1930 —
358 1884 547 1950 membranis
570 1884 777 1950 continetur“.
821 1885 876 1950 cfr.
899 1884 984 1962 VIII,
1007 1885 1037 1961 3,
1060 1883 1081 1947 4
1107 1876 1250 1965 ,ὁμοίως

128 1985 172 2050 δὲ
194 1985 315 2050 καὶ-
337 1984 600 2072 γυμνόσπερμαιι.
644 1989 669 2066 Ι,
701 1988 795 2066 11,2
828 1982 1170 2072 ,ἐναγγειοσπέρματα
1191 1985 1252 2069 μὲν

129 2081 207 2157 οἷον
228 2083 250 2178 r‘p'
270 2114 305 2156 τε
326 2087 440 2178 μήκων
462 2091 520 2156 καὶ
543 2085 605 2156 ὅσα
627 2087 814 2176 μηκωνικά·
842 2089 880 2156 τὸ
902 2090 964 2175 γὰρ
986 2088 1134 2180 σήσαμον
1156 2087 1250 2156 ἰδιω-

127 2195 263 2278 τέρως“.
308 2197 541 2280 Theophrastus
565 2204 754 2264 auctorest.
798 2198 881 2262 Nam
909 2200 994 2279 quod
1015 2198 1135 2263 Plinius
1164 2199 1252 2263 addit

136 2307 194 2385 ,ut
215 2303 319 2379 tritici,
343 2302 484 2380 hordei“,
508 2303 585 2367 nihil
607 2323 664 2369 nos
687 2304 843 2369 adducere
867 2303 976 2380 debet,
1006 2308 1043 2369 ut
1064 2304 1190 2368 aliunde
1213 2320 1252 2366 ea

131 2413 260 2490 sumpta
282 2425 351 2472 esse
373 2413 527 2490 putemus.
566 2409 799 2491 Theophrastus
815 2408 923 2474 scribit
949 2398 1017 2488 ,ὅτι
1038 2405 1079 2470 τὰ
1101 2405 1161 2489 μὲν
1183 2401 1252 2488 ἔχει

132 2505 283 2590 στάχυν“.
327 2513 397 2578 Jam
421 2514 523 2594 quivis
551 2515 699 2579 subaudit
724 2507 896 2596 ,medalu
925 2532 996 2579 cum
1019 2514 1253 2597 Theophrastus

131 2622 246 2700 pergat
272 2613 329 2698 ,ad
353 2615 391 2680 de*
412 2613 591 2699 popone&
622 2618 719 2683 Porro
736 2637 806 2684 cum
823 2619 1055 2701 Theophrastus
1070 2619 1253 2700 saepissime

133 2724 252 2788 scribat
280 2710 369 2803 ,οἷον
384 2717 496 2803 πυρὸς,
519 2717 654 2808 κριθὴ“,
677 2724 797 2789 Plinius
810 2724 867 2788 illa
881 2723 972 2790 facile
986 2729 1110 2805 poterat
1125 2725 1251 2789 addere.

133 2829 225 2905 Quae
252 2832 400 2893 secuntur
434 2828 653 2909 „muniturque
677 2863 719 2871 -
748 2826 973 2909 quadripedes“
1007 2829 1183 2893 ornamenti
1204 2830 1252 2893 in·

133 2933 250 2998 dicium
271 2951 347 3015 prae
369 2951 403 2998 se
424 2930 530 2997 ferunt
558 2934 597 2997 ab
627 2933 695 3014 ipso
716 2933 819 2996 Plinio
846 2931 937 2996 illati.
982 2930 1070 3007 Quae
1098 2934 1138 2997 de
1164 2934 1251 2997 milio

134 3044 170 3104 et
200 3039 310 3119 panico
352 3037 443 3101 affert
474 3038 594 3103 Plinius
634 3037 816 3117 conscripsit
849 3055 887 3100 ex
925 3031 983 3118 ,τὰ
1016 3032 1054 3100 δὲ
1086 3031 1251 3121 κεγχρώὸη

134 3137 258 3226 φόβην*
279 3142 377 3222 (VIII,
393 3143 423 3220 3,
439 3142 473 3224 4)
492 3147 525 3207 et
546 3138 598 3224 ,ἐν
613 3135 706 3223 ὑμένι
725 3131 758 3204 d'
783 3135 855 3204 ἔνια
875 3142 939 3205 τῶν
962 3137 1118 3206 ἐπετείων
1141 3134 1252 3227 ὥσπερ

135 3242 153 3312 ὃ
177 3244 281 3330 πυρὸς
302 3245 361 3313 καὶ
385 3239 401 3310 ὁ
431 3245 581 3332 κέγχρος“
609 3245 646 3327 (Ι,
672 3247 722 3325 11,
745 3245 789 3327 2).
838 3245 863 3328 ἕ
886 3248 927 3310 56
956 3246 1131 3328 „tamenta
1157 3267 1253 3329 quae-

135 3355 209 3418 dam
230 3389 273 3398 -
295 3354 478 3421 occultam“.
523 3351 578 3418 cfr.
594 3352 678 3430 VIII,
695 3355 725 3430 2,
741 3352 762 3414 4
780 3348 969 3433 ,συμβαίνει
985 3343 1017 3414 δ’
1038 3342 1136 3428 εὐθὺς
1149 3387 1192 3398 -
1206 3351 1254 3436 τῷ

135 3449 252 3543 ὅγκῳ“.
296 3459 385 3536 Quae
407 3463 554 3525 secuntur
581 3458 742 3540 „genicula
763 3463 869 3523 autem
883 3462 958 3524 sunt
970 3458 1074 3523 triduo
1089 3461 1253 3540 qualemn,

134 3565 212 3630 farri
233 3583 318 3645 sena,
348 3565 466 3629 hordeo
489 3562 618 3629 octona“
651 3564 770 3629 Plinius
792 3565 864 3630 ideo
885 3564 1034 3643 inseruit,
1063 3565 1147 3644 quod
1170 3563 1253 3645 apud

135 3671 387 3753 Theophrastum
410 3672 513 3734 certus
535 3669 749 3748 geniculorum
770 3688 920 3735 numerus
942 3671 1067 3734 additus
1089 3687 1152 3732 non
1175 3671 1252 3732 erat.

135 3776 251 3842 Scribit
265 3775 350 3838 enim
365 3774 600 3856 Theophrastus
613 3779 684 3856 post
711 3774 774 3858 ,cpi
795 3763 898 3856 b'yurp“
928 3770 1069 3854 ,γίνεται
1093 3769 1130 3834 δὲ
1153 3766 1187 3833 ἐν
1206 3770 1253 3858 τῷ

135 3873 202 3964 ὅλῳ
224 3873 362 3962 καλάμῳ
384 3875 491 3943 πλείω
505 3873 625 3943 τούτων
640 3879 695 3958 (sc.
711 3872 877 3961 γονάτων).
905 3880 978 3960 ,sed
992 3895 1056 3942 non
1071 3881 1144 3941 ante
1159 3895 1254 3958 supra

135 3987 253 4052 dictum
275 3985 489 4064 geniculorum
518 4003 682 4049 numerum
714 3987 882 4066 conceptus
911 3987 958 4047 est
987 3981 1122 4064 spicael.
1167 3982 1254 4046 Haec

133 4091 255 4156 Plinius
285 4091 413 4170 repetiit
442 4109 481 4155 ex
509 4090 565 4166 iis,
595 4108 676 4170 quae
701 4090 794 4155 modo
826 4088 1082 4170 eTheopbrasto
1103 4087 1252 4173 laudavit.

136 4195 219 4278 ,ΗΠ
252 4201 308 4260 aut
334 4195 363 4261 V
395 4196 572 4262 tardissime
602 4230 642 4239 —
672 4195 783 4261 diebus
814 4193 904 4258 VlI“.
956 4192 1010 4259 cir.
1033 4192 1125 4270 VIII,
1155 4193 1192 4268 2,
1222 4190 1253 4256 5.
