3042 4948
599 351 810 413 ..45-

138 521 198 586 cir.
222 522 289 587 Col.
313 521 381 597 Vll,
412 520 441 596 3,
475 520 523 582 12.
583 519 632 598 „in
662 518 744 584 hunc
773 558 812 566 —
835 521 945 588 scito“.
999 520 1120 584 Plinius
1155 521 1265 584 miscet

140 627 274 692 africum
298 632 331 691 et
352 629 503 699 austrum,
535 624 616 688 sicut
637 641 731 704 supra
754 627 997 706 septentrionem
1021 631 1053 689 et
1075 625 1264 705 aquilonem.

138 732 249 813 §337
282 733 332 813 „in
360 732 444 796 hunc
466 728 642 794 salubribus
668 728 745 792 locis
773 731 867 795 villae
894 731 1066 811 vineaeque
1092 729 1263 812 spectent“.

139 837 197 902 cfr.
220 838 300 901 Plin.
331 835 348 918 ᾗ
373 835 414 898 33
445 833 476 914 (e
499 831 613 912 Celso).
665 835 713 898 De
742 835 870 916 reliquis
899 836 1074 918 praeceptis
1108 853 1201 916 quem
1229 835 1263 899 in

139 947 270 1006 ventum
293 942 432 1023 quidque
453 940 629 1005 faciendum
651 939 693 1002 sit
714 943 832 1004 certum
852 939 1003 1021 judicium
1030 941 1106 1005 mihi
1135 942 1262 1022 quidem

139 1050 240 1112 deest.
282 1049 396 1128 Aliqua
425 1046 470 1110 nil
500 1044 559 1108 nisi
588 1043 722 1122 repetita
749 1044 895 1109 videntur
923 1063 992 1110 esse
1021 1065 1059 1110 ex
1088 1047 1143 1126 iis,
1181 1063 1262 1127 quae

138 1153 340 1228 antecedunt,
364 1150 444 1213 sieut
459 1148 499 1212 de
513 1147 637 1212 favonio
654 1146 686 1229 (ἓ
703 1147 779 1228 337)
805 1149 872 1227 „bic
886 1168 942 1213 ver
955 1150 1081 1215 inchoat
1098 1150 1262 1232 aperitque

137 1263 242 1320 terras
258 1257 345 1320 tenui
360 1252 475 1333 frigore
491 1253 646 1318 saluber“.
676 1252 725 1317 Ad
741 1271 787 1330 ea,
808 1272 888 1333 quae
903 1261 1059 1333 secuntur,
1076 1255 1130 1321 cfr.
1146 1255 1260 1332 XVHI,

137 1361 221 1442 2403
244 1361 326 1436 XVI,
350 1358 401 1426 97.

226 1465 273 1528 De
296 1465 379 1529 Celsi
400 1463 583 1543 fragmentis
605 1479 623 1525 e
645 1462 820 1527 Columella
845 1465 1041 1544 requirendis
1070 1465 1148 1528 haee
1177 1469 1259 1544 sunt,

139 1588 224 1650 quae
245 1571 356 1634 dicam.
390 1567 422 1633 Si
438 1568 532 1633 Plinii
554 1572 657 1632 textus
680 1586 750 1631 cum
767 1567 960 1633 Columellae
982 1569 1085 1632 verbis
1108 1569 1259 1648 congruit,

139 1675 399 1738 verisimillimum
422 1678 471 1738 est
491 1677 659 1753 utmmque
682 1672 807 1737 Celsum
828 1674 1043 1738 transcribere.
1079 1673 1259 1738 certissime

137 1780 259 1844 Plinius
275 1779 481 1844 Columellam
496 1778 638 1858 perlegit,
661 1777 717 1841 sed
739 1795 922 1858 persuasum
945 1779 1019 1842 mibi
1043 1783 1091 1842 est
1111 1797 1173 1843 non
1189 1780 1259 1843 aliis

137 1885 215 1948 locis
237 1903 309 1949 eum
333 1883 539 1948 Columellam
561 1882 778 1959 transcribere,
810 1883 869 1946 nisi
901 1883 950 1960 iis,
981 1884 1033 1947 ubi
1064 1883 1258 1948 Columellae

136 2007 252 2054 nomen
281 1989 390 2053 laudet
419 1989 510 2069 eique
540 1988 736 2068 obloquatur.
781 1985 814 2051 Si
841 1988 1004 2068 utriusque
1034 1989 1169 2052 auctoris
1198 1988 1256 2052 loci

136 2113 201 2158 non
224 2099 398 2174 congruunt
419 2112 477 2158 nec
499 2093 558 2157 nisi
581 2093 696 2156 similia
715 2091 884 2169 continent,
906 2091 1023 2158 factum
1038 2093 1163 2157 videtur
1177 2110 1255 2167 esse,

135 2204 175 2262 ut
203 2199 282 2262 alter
311 2199 410 2264 altero
440 2199 510 2281 plus
531 2198 582 2262 vel
609 2198 711 2262 minus
741 2215 759 2260 e
782 2196 873 2263 Celso
900 2201 1061 2262 mutuatus
1090 2198 1140 2260 sit.
1190 2197 1257 2262 Nec

135 2303 272 2384 denique
302 2321 356 2381 ea,
389 2321 470 2385 quae
499 2304 581 2384 apud
613 2301 819 2367 Columellam
853 2320 917 2366 non
949 2302 1166 2381 inveniuntur,
1201 2320 1257 2366 eur

135 2408 263 2471 aliunde
292 2412 387 2488 atque
416 2428 434 2472 e
465 2408 556 2472 Celso
586 2411 711 2488 sumpta
743 2411 889 2486 putemus
922 2424 990 2470 esse
1016 2406 1132 2487 justam
1165 2407 1256 2473 video

134 2529 278 2588 causam,
312 2512 465 2592 siquidem
502 2513 571 2593 ipsa
605 2529 655 2575 res
684 2512 972 2592 sententiarumque
1001 2531 1135 2600 conexus
1165 2513 1256 2578 nobis

133 2617 337 2699 permittunt,
376 2622 412 2683 ut
445 2619 528 2700 apud
562 2616 744 2697 scriptorem
782 2617 828 2679 rei
861 2617 996 2681 mstioae
1028 2617 1183 2682 exstitisse
1216 2636 1255 2681 ea

134 2727 290 2805 putemus
