3042 4948
583 355 792 416 „21..

118 523 165 585 ‹ie
188 542 213 584 r.
238 542 263 585 r.
286 522 317 598 Ι,
350 523 406 599 10,
439 523 473 598 1,
503 523 558 587 ubi
588 524 663 587 haee
685 527 780 588 verba
802 526 915 590 desunt
940 532 1156 604 ,9911919119
1180 547 1244 596 uuo

119 627 249 706 impetu
266 627 384 706 jnsto“.
429 627 464 690 In
486 626 568 707 §29
583 629 622 690 ad
649 646 723 707 „nee
739 629 771 690 id
786 627 874 706 falso,
898 632 924 694 si
939 633 996 696 sub
1012 632 1126 713 oppido
1149 633 1243 697 sint“.

125 731 184 796 911.
209 733 238 796 d.
261 753 287 796 r.
310 752 335 796 r.
359 733 390 803 1,
423 733 479 808 10,
500 733 529 795 3.
569 735 693 814 „itaque
721 737 779 798 sub
808 736 886 799 urbe
916 736 1018 800 colere
1047 738 1154 802 hortos
1180 739 1245 802 late

126 838 288 918 expedit“.
328 837 416 913 Quae
431 838 507 901 mibi
521 839 647 918 quidem
664 857 681 902 e
698 839 781 903 Celsi
796 841 1106 921 interpretationibus
1121 849 1246 924 sumpta

126 943 280 1005 videntur
301 959 379 1006 esse.
424 941 504 1022 §15
528 943 629 1021 „Ergo
647 942 696 1006 his
711 945 849 1010 moribus
870 980 913 989 —
934 947 1124 1012 incredibilis
1147 948 1246 1011 erat“.

127 1046 187 1110 cfr.
212 1047 250 1110 de
272 1066 297 1109 1.
321 1065 346 1109 1.
369 1047 399 1110 ll
430 1045 528 1128 praef.
558 1049 587 1110 2.
642 1046 674 1110 Si
701 1067 774 1112 vero
805 1051 899 1113 etiam
929 1050 1122 1115 columellae
1151 1053 1248 1116 verba

129 1150 201 1230 1911.
232 1151 262 1228 1,
292 1151 389 1232 prael.
422 1151 471 1214 10.
503 1151 556 1232 20)
588 1152 773 1229 contuleris
809 1155 1001 1219 Columellae
1031 1157 1126 1220 verba
1156 1156 1248 1220 Plinii

127 1257 235 1320 verbis
257 1256 355 1320 multo
377 1256 528 1320 similiora
549 1275 617 1320 esse
639 1257 759 1322 videbis
781 1277 875 1339 quarn
895 1260 1053 1326 Varronis.
1099 1260 1247 1326 Animad-

130 1366 237 1425 vertas
269 1361 363 1425 velim
401 1361 501 1441 „mos“
542 1362 682 1442 ,1111399ιι
722 1364 937 1446 ‚‚provineiis“.
989 1365 1109 1430 Neuter
1142 1373 1248 1431 tamen

130 1472 240 1532 anoton
262 1471 319 1540 est,
343 1485 412 1530 eum
436 1467 566 1532 vilitatis
588 1469 730 1548 exempla
752 1487 815 1532 non
837 1468 955 1534 afferat.

220 1573 265 1634 lle
289 1572 446 1654 Hygino
469 1570 550 1635 inira
571 1576 690 1651 agetur.
724 1574 758 1636 Id
775 1579 881 1638 tamen
896 1575 946 1638 vel
969 1575 1026 1639 boe
1049 1577 1117 1641 loeo
1140 1578 1243 1642 dieam

128 1678 288 1758 Hyginum
313 1697 332 1740 a
353 1677 453 1742 Plinio
477 1677 533 1742 hoe
554 1678 587 1741 in
609 1678 690 1742 libro
714 1697 775 1742 non
798 1680 971 1745 adhibitum
996 1698 1074 1745 esse.

218 1783 430 1862 Vergilius
453 1802 472 1846 a
490 1783 590 1848 Plinio
612 1784 736 1866 saepius
758 1785 913 1850 laudatur.

217 1889 239 1969 ἕ
268 1891 308 1952 35
340 1889 484 1966 „modum
514 1890 581 1967 agri
612 1923 649 1933 -
684 1889 856 1969 Vergilium
886 1891 981 1957 fuisse
1011 1893 1132 1957 video“.
1188 1893 1245 1959 91.

128 2012 236 2072 georg.
259 1993 298 2074 Π,
322 1993 394 2056 412.
439 1993 595 2058 Incertum
626 2013 698 2059 vero
729 2003 777 2059 est
799 2015 838 2060 an
861 1997 979 2061 Plinius
1001 1998 1059 2062 boo
1088 2001 1155 2063 loeo
1179 2000 1246 2080 ipse

129 2099 304 2178 Vergilium
334 2099 511 2180 inspexerit.
556 2097 610 2163 911.
636 2099 701 2163 091.
732 2099 763 2177 1,
793 2101 830 2176 3,
861 2102 890 2164 8.
944 2102 1089 2166 Fortasse
1119 2104 1245 2168 Celsum

128 2206 282 2284 sequitur.
334 2203 452 2284 §120
484 2203 658 2283 „Vergilius
687 2239 727 2250 -
756 2205 849 2269 ritu“.
902 2205 955 2271 911.
986 2225 1092 2286 georg.
1115 2208 1140 2282 l,
1174 2209 1245 2273 215.

129 2311 236 2374 Etiam
267 2309 326 2373 boe
353 2309 421 2372 loeo
443 2309 563 2374 Plinius
584 2310 758 2390 Vergilium
786 2329 804 2374 e
833 2311 923 2378 Celso
953 2313 1078 2378 videtur
1106 2313 1244 2392 laudare,

127 2436 202 2481 enm
223 2435 271 2492 ea,
294 2433 375 2496 quae
397 2420 545 2480 secuntur
566 2435 584 2479 e
603 2415 694 2480 Celso
717 2422 841 2497 sumpta
863 2417 934 2494 sint,
957 2418 1009 2497 qui
1025 2418 1155 2498 Vergilii
1178 2436 1246 2483 seu·

127 2523 263 2586 tentiam
284 2518 408 2584 refellit.
454 2520 507 2584 911.
531 2521 598 2586 091.
614 2521 654 2598 ΙΙ,
679 2522 728 2598 10,
751 2521 780 2586 9.
825 2526 914 2603 „post
935 2522 1078 2587 brumam
1103 2561 1142 2572 —
1165 2523 1245 2589 frue-

126 2634 197 2691 tum
228 2625 424 2690 trimestris“.
477 2626 548 2690 Jam
579 2626 753 2692 Columella
787 2628 832 2690 nil
864 2627 972 2692 scribit
1001 2629 1059 2692 uisi
1094 2629 1246 2709 „pessime

127 2733 237 2809 vere“‚
267 2731 386 2796 Plinius
417 2737 521 2796 autem
551 2732 678 2810 Vergilii
710 2733 806 2796 verba
836 2749 854 2794 e
884 2730 975 2796 Celso
1004 2735 1184 2799 transcribit
1213 2738 1246 2796 et

127 2837 236 2900 (119919
257 2837 360 2918 pergit
385 2838 456 2916 „sed
480 2837 580 2918 major
602 2855 673 2918 pars
695 2835 786 2902 eto.“.
830 2835 917 2898 Idem
939 2840 1015 2916 puto
1039 2837 1154 2902 fantum
1177 2858 1246 2903 esse

127 2944 163 3006 in
186 2940 292 3022 5153.
337 2943 429 3020 Verg.
446 2961 549 3021 georg.
573 2942 597 3015 l,
623 2940 791 3003 150-154
812 2941 895 3005 inter
916 2942 999 3006 mala
1018 2940 1244 3006 frumentorum

129 3053 287 3111 munierat
313 3048 448 3127 „robigo
480 3047 622 3124 earduus,
652 3046 774 3126 lappae,
805 3047 920 3124 triboli‚
950 3048 1069 3124 lolium,
1097 3046 1244 3112 avenae“.

128 3153 250 3216 Plinius
272 3153 345 3216 huie
374 3153 553 3232 obloquitur
583 3156 615 3214 et
644 3155 738 3230 negat
763 3152 905 3230 „lolium,
935 3155 1083 3233 tribulos
1115 3155 1246 3218 carduos

127 3255 321 3336 lappasque“
347 3257 429 3319 inter
459 3261 563 3336 pestes
585 3257 779 3320 numeranda
808 3276 875 3321 esse
909 3259 1023 3323 additis
1056 3259 1181 3339 quidem
1215 3262 1247 3320 et

129 3362 228 3426 rubis.
259 3361 370 3440 Neque
385 3366 490 3425 tamen
505 3362 679 3442 Vergilium
700 3362 819 3426 laudat.
848 3361 1016 3427 Auctorem
1038 3367 1121 3426 99119
1144 3364 1245 3440 sequi·

128 3474 194 3530 tur.
238 3466 278 3529 Ni
300 3464 393 3530 fallor
408 3465 517 3530 Celsus
540 3467 634 3530 etiam
657 3467 714 3531 hoe
736 3466 804 3531 loeo
821 3466 959 3544 Vergilio
982 3468 1170 3548 obloquitur.
1211 3467 1247 3530 ln

129 3571 156 3652 §
179 3574 237 3633 157
258 3572 415 3650 Vergilius
434 3572 590 3636 laudatur.
621 3571 676 3635 911.
699 3571 844 3651 georgi,
868 3569 1045 3635 193-196.
1090 3571 1246 3636 Incertum

129 3681 182 3741 est
203 3695 242 3740 an
264 3679 366 3757 ipsum
389 3677 559 3754 Vergilium
586 3677 704 3741 Plinius
727 3680 890 3757 sequatur,
921 3695 991 3740 eum
1023 3678 1118 3740 iidem
1138 3693 1247 3740 versus

130 3802 150 3846 a
175 3781 349 3846 Columella
370 3781 488 3861 (Celso)
511 3782 688 3845 laudentur.
733 3781 908 3845 Columella
928 3782 960 3845 in
982 3798 1018 3844 eo
1046 3781 1163 3860 eapite,
1192 3780 1246 3844 ubi

128 3889 172 3951 de
201 3886 299 3967 pestis
328 3886 522 3966 aliorumque
552 3886 698 3949 remediis
727 3887 896 3966 praeripit,
927 3891 1051 3968 praeter
1072 3885 1246 3964 Vergilium

128 4009 227 4054 unum
259 3989 385 4054 Celsum
415 3991 532 4054 laudat.
585 3988 688 4070 §170
720 3989 770 4066 „iu
798 3991 881 4053 omni
910 4025 952 4034 -
980 3989 1148 4071 patiatur“.
1192 3988 1245 4052 91.

127 4113 236 4174 georg.
259 4094 283 4171 1,
307 4094 357 4160 53.
403 4092 1038 4175 911.19199119119111091.1,11199122.
1082 4095 1119 4159 ln
1140 4094 1164 4176 §
1188 4096 1247 4157 181

126 4201 302 4277 Vergilium
326 4218 343 4262 e
366 4199 457 4265 Celso
480 4201 602 4264 laudari
624 4217 661 4264 99
690 4200 856 4280 probatur,
886 4201 969 4278 quod
992 4201 1110 4266 Plinius
1140 4199 1248 4264 scribit
