3042 4948
590 363 800 428 -43-

119 553 269 618 curaque
290 535 427 600 maxime
449 533 577 600 Celsum
604 535 753 616 sequitur.
805 533 887 598 lllud
917 533 1009 597 Plinii
1043 535 1143 614 ,intra
1164 534 1253 598 XXII

120 643 186 707 hos
203 641 320 708 annos“
347 641 465 722 optime
480 640 521 704 ad
536 639 619 704 Celsi
634 644 758 721 tempus
773 639 928 720 quadrare
942 639 1076 704 videtur.
1110 640 1254 719 Denique

121 745 274 812 conferas
296 747 336 810 ad
364 746 407 827 „si
430 744 515 825 ligno
538 745 792 823 contingatur-
808 743 950 826 putant“.
986 741 1052 807 Col.
1068 743 1137 818 XII,
1156 743 1205 821 19,
1223 744 1253 809 5.

124 850 245 916 Olivae
272 849 444 932 rapiendae
472 849 532 914 hoc
560 854 684 930 tempus
713 865 781 913 esse
803 850 882 914 vidit
910 849 994 930 apud
1017 847 1153 914 Celsum.
1199 848 1253 912 cfr.

125 955 201 1020 Col.
221 955 276 1033 XI,
299 957 328 1036 2,
353 954 403 1018 83.
459 953 562 1036 Atque
592 959 628 1018 ut
657 955 696 1018 de
725 955 884 1019 vindemia
913 957 1037 1033 ageret,
1071 953 1138 1034 eJus
1171 953 1255 1034 apud

127 1061 261 1126 Celsum
283 1059 441 1124 mentione
464 1064 637 1123 commotus
660 1064 716 1124 est.
750 1058 804 1124 cfr.
821 1060 888 1126 Col.
904 1059 958 1136 XI,
975 1060 1006 1136 2,
1022 1057 1073 1122 67.
1110 1058 1255 1137 Denique

130 1167 281 1230 omittere
303 1181 425 1246 nequeo
449 1164 563 1243 dicere,
586 1165 672 1244 quali
694 1165 784 1245 qnasi
806 1165 911 1230 taedio
926 1164 1046 1228 Plinius
1068 1161 1197 1226 affectus
1215 1162 1257 1227 sit

128 1270 325 1336 breviarium
348 1267 548 1346 conficiendi,
579 1267 796 1349 qnod'ultima
819 1271 880 1336 duo
902 1269 1069 1334 intervalla
1090 1286 1154 1332 una
1175 1272 1257 1331 trao-

129 1375 226 1439 tavit.
276 1374 313 1437 In
336 1371 384 1454 §§
404 1375 570 1438 aaz—340
592 1374 712 1438 Plinius
742 1376 791 1455 agi
836 1376 875 1440 de
904 1377 998 1439 lunae
1029 1376 1255 1453 ventorumque

129 1481 258 1544 ratione
281 1480 423 1560 exemplo
445 1479 577 1558 Vergilii
599 1485 781 1546 commotus
826 1481 936 1562 Neque
958 1498 1032 1546 vero
1059 1496 1131 1543 eum
1153 1477 1256 1540 imita-

130 1591 199 1662 tur,
229 1587 282 1650 sed
313 1585 513 1666 opprobrium
544 1586 574 1648 ei
600 1584 675 1650 facit
697 1587 923 1664 ostentationis,
950 1587 1033 1668 quod
1055 1585 1088 1648 in
1110 1599 1257 1647 numeros

130 1691 232 1754 lunae
254 1690 424 1770 digerenda
446 1691 600 1771 quaedam
631 1691 763 1773 putavit.
815 1689 869 1754 cir.
892 1690 985 1767 Verg.
1009 1706 1113 1767 georg.
1137 1689 1161 1764 I,
1192 1687 1256 1750 276

134 1795 253 1858 -aau
297 1793 399 1876 Atque
427 1814 523 1859 unum
551 1795 610 1860 hoc
639 1796 732 1860 velim
765 1795 1003 1874 animadvertas,
1036 1812 1099 1874 qua
1127 1793 1257 1857 levitate

133 1901 296 1980 Vergilius
317 1919 384 1965 rem
413 1901 610 1965 tractaverit:
648 1901 744 1965 trium
772 1902 893 1966 dierum
924 1901 987 1964 vim
1014 1898 1172 1981 propriam
1201 1897 1256 1961 ad·

134 2007 269 2070 notavit.
324 2005 495 2086 (Hesiodus
523 2007 671 2070 describit
693 2006 761 2070 dies
783 2004 883 2084 XXI.)
936 2003 1179 2069 Concedendum
1210 2005 1258 2065 est

136 2111 275 2180 Plinium
296 2111 402 2190 legum
425 2111 593 2176 utilitatem
616 2113 805 2189 observasse,
828 2113 850 2175 i.
866 2130 892 2174 e.
916 2127 954 2173 ea
974 2107 1075 2173 forma
1095 2109 1180 2186 leges
1204 2107 1258 2171 de·

136 2217 232 2293 disse,
261 2234 324 2297 qua
345 2216 397 2280 vel
424 2215 532 2281 mstici
561 2217 606 2280 uti
636 2217 765 2298 possint.
822 2215 876 2280 cfr.
909 2212 926 2296 ἓ
956 2214 998 2275 24
1031 2213 1188 2288 ,dicemus
1218 2247 1256 2256 -—-

135 2320 277 2400 videri“;
304 2319 342 2403 ἐξ
367 2321 445 2400 205;
469 2321 548 2400 226;
572 2319 644 2386 323.
688 2321 799 2402 Neque
821 2321 903 2386 enim
930 2317 1084 2401 „utilitas“
1109 2315 1258 2382 hocloco

136 2428 180 2492 sii
201 2427 470 2509 interpretandum
493 2431 548 2502 est,
572 2430 608 2491 ut
622 2427 758 2492 Plinium
780 2445 834 2492 eas
855 2427 941 2506 leges
964 2423 1087 2489 dedisse
1103 2427 1259 2505 putemus,

137 2533 225 2613 quod
246 2533 356 2612 utique
378 2529 472 2596 utiles
501 2535 613 2597 essent.
656 2530 807 2598 Conferas
836 2537 945 2598 contra
977 2529 1194 2610 ,decrescente
1216 2526 1257 2590 l.“

141 2638 406 2717 „intermenstrua
442 2637 649 2718 dimidiaque“
700 2638 747 2717 „l.·
776 2637 875 2702 nova“
924 2637 964 2715 „l.
993 2633 1104 2716 plena“
1148 2632 1262 2711 ,inter-

137 2743 249 2807 lunio“
276 2747 334 2806 etc.
383 2741 468 2819 Quas
497 2744 731 2809 observationes
760 2745 810 2808 vel
839 2743 973 2808 rusticus
1002 2739 1118 2820 poterit
1148 2736 1261 2802 facere.

143 2847 260 2914 Scribit
274 2848 393 2912 Plinius
411 2849 600 2925 ,Democriti
616 2853 742 2913 secutus
757 2844 1028 2913 ostentationem“.
1058 2843 1143 2906 Fieri
1157 2848 1264 2906 tamen

142 2957 259 3036 potest,
279 2957 316 3018 ut
330 2953 448 3018 Plinius
470 2952 547 3018 haec
569 2954 727 3035 scripserit
748 2955 828 3019 libro
848 2951 983 3032 quodam
1006 2948 1177 3012 Democriti
1200 2965 1264 3011 non

143 3063 296 3140 respecto.
333 3059 499 3140 Vituperat
521 3057 604 3122 enim
626 3060 797 3125 Democriti
820 3057 1061 3122 ostentationem
1083 3054 1178 3118 etiam
1194 3052 1262 3128 VII,

148 3163 209 3227 159
231 3168 264 3228 et
285 3162 427 3242 XXVIII,
454 3163 524 3226 118.
575 3163 744 3227 Praeterea
765 3177 867 3241 neque
893 3179 912 3224 a
933 3158 1041 3224 Servio
1072 3160 1112 3224 ad
1134 3158 1265 3238 Vergilii

145 3270 248 3334 locum
270 3267 426 3334 laudatur.
466 3269 503 3332 In
524 3269 573 3345 iis,
597 3285 677 3348 quae
700 3271 848 3332 secuntur
867 3264 941 3328 inde
964 3265 1004 3328 ab
1029 3263 1160 3342 ,omnia
1184 3279 1265 3342 quae

148 3373 338 3439 caeduntur“
365 3391 463 3454 usque
485 3373 526 3438 ad
551 3372 647 3455 §323
669 3373 789 3437 Plinius
811 3371 959 3436 describit
980 3386 1061 3451 quae
1082 3368 1166 3447 quali
1190 3367 1266 3430 luna

146 3479 213 3544 fieri
236 3478 381 3544 debeant.
431 3478 541 3559 Neque
563 3485 669 3544 tamen
692 3481 836 3543 accurate
857 3476 897 3539 ab
919 3492 957 3539 eo
979 3491 1030 3538 res
1052 3478 1186 3538 tractata
1207 3479 1264 3550 est,

148 3603 216 3650 cum
240 3585 344 3650 desint
365 3583 449 3649 haud
472 3603 579 3666 pauca,
603 3603 684 3666 quae
706 3583 756 3648 vel
779 3601 873 3664 supra
892 3581 1020 3645 notavit.
1056 3579 1099 3643 Et
1114 3580 1182 3661 ipse
1197 3579 1265 3659 qui·

148 3691 219 3755 dem
242 3689 361 3754 Plinius
382 3691 489 3756 scribit
514 3707 675 3770 ,quaeque
696 3689 758 3753 alia
777 3688 842 3752 suis
862 3686 939 3752 locis
962 3683 1125 3749 diximus“.
1160 3681 1265 3763 §322

152 3803 288 3877 ,stercus
303 3793 361 3860 nisi
379 3795 580 3858 decrescente
593 3792 670 3859 luna
684 3812 723 3858 ne
738 3793 868 3872 tangito,
890 3791 1025 3855 maxime
1045 3793 1151 3852 autem
1169 3788 1263 3852 inter-

148 3905 308 3966 menstrua
326 3898 518 3978 dimidiaque
539 3898 741 3965 stercorato“.
771 3897 868 3964 Vides
881 3898 958 3962 haec
972 3894 1052 3959 falsa
1066 3912 1143 3958 esse.
1168 3892 1268 3959 Sensu

149 4007 232 4071 enim
255 4007 348 4086 plane
371 4005 526 4069 contrario
549 4003 722 4068 sententiae
744 4021 879 4068 conexae
894 4005 974 4067 sunt.
1009 3999 1088 4065 Cato
1103 3995 1269 4065 stercorari

145 4111 236 4192 jubet
264 4111 314 4175 vel
344 4112 420 4175 luna
449 4111 554 4174 silenti
591 4107 658 4190 (cir.
682 4125 707 4172 c.
730 4107 834 4174 XXIX
864 4115 895 4172 et
917 4108 956 4188 L)
994 4107 1044 4173 vel
1077 4103 1268 4170 intermestri

149 4218 183 4296 (i.
206 4235 234 4282 e.
257 4216 375 4297 silenti)
400 4217 591 4296 dimidiaque
625 4214 691 4295 (cfr.
714 4233 739 4279 c.
755 4211 911 4292 XXXVII,
936 4211 979 4292 3).
1024 4211 1102 4277 Cato
1125 4210 1182 4274 sibi
1206 4225 1269 4272 non
