3042 4948
772 414 799 420 .-
857 380 984 444 36-

319 555 421 614 torem
444 555 587 630 quartam
610 551 697 616 videt
717 550 834 631 Hygini
862 551 1048 616 sententiam
1079 569 1211 632 eamque
1234 552 1327 617 addit
1358 571 1456 616 accu-

320 657 390 717 rata
418 655 544 734 quidem
574 656 725 738 temporis
752 656 874 720 ratione
907 673 969 720 non
1002 657 1119 720 habita.
1170 656 1291 736 Hygini
1326 675 1457 722 nomen

320 759 465 824 omittere
486 765 619 842 poterat.
663 761 774 841 Neque
795 761 891 840 igitur
912 760 1096 838 Columella,
1126 762 1182 826 sed
1205 763 1328 828 Plinius
1353 783 1455 844 pree·

320 868 444 946 ceptum
466 865 544 930 illud
567 863 645 930 falso
668 866 736 930 loco
758 866 931 948 descripsit.

404 969 475 1034 Jam
498 989 664 1052 pergamus
684 975 844 1035 auctorem
866 972 1063 1051 investigari!
1094 971 1251 1050 Vergilius
1268 979 1358 1037 certe
1384 991 1454 1036 non

320 1079 368 1139 est
404 1093 495 1156 quem
524 1077 703 1156 quaerimus
739 1094 841 1155 neque
870 1076 992 1140 Atticus
1021 1096 1123 1157 oeque
1154 1076 1335 1141 Graecinus.
1394 1076 1451 1138 An

321 1179 453 1245 Celsus?
495 1181 538 1245 At
565 1181 638 1245 libri
668 1181 735 1262 ejus
764 1183 934 1263 perlerunt.
985 1182 1148 1246 Nescimus
1178 1182 1289 1246 adhuc.
1341 1182 1452 1246 Vides

319 1307 416 1352 unum
439 1286 644 1352 Columellam
663 1292 791 1363 restare,
822 1287 909 1368 cujus
931 1287 1045 1352 libmm
1069 1287 1235 1366 diligenter
1255 1287 1453 1369 perquirere

318 1395 482 1475 possimus.

406 1495 581 1561 Columella
609 1496 641 1558 in
671 1496 773 1576 capite
802 1496 939 1561 secundo
969 1497 1040 1561 libri
1071 1498 1227 1562 undecimi
1256 1497 1451 1579 praecipere

319 1601 396 1676 vult,
423 1601 516 1679 ,quid
540 1618 664 1680 quoque
687 1618 794 1664 mense
815 1600 990 1666 laciendum
1014 1603 1072 1667 sit“
1087 1601 1107 1667 ¹.
1152 1604 1263 1683 Neque
1276 1608 1385 1666 tamen
1405 1603 1449 1665 ad
1495 1601 1496 1684 l

320 1705 458 1783 singulos
481 1704 630 1786 cujusque
652 1706 767 1769 mensis
789 1706 856 1770 dies
878 1724 972 1788 opera
995 1708 1141 1786 adnotat,
1173 1709 1228 1772 sed
1251 1709 1291 1772 ad
1313 1724 1448 1770 mensos

319 1811 474 1882 dimidios,
502 1811 594 1890 „quia
615 1829 717 1890 neque
739 1810 996 1892 praefestinatum
1018 1831 1096 1894 opus
1118 1813 1249 1877 nimium
1271 1813 1448 1876 immature
1495 1851 1496 1858 ,

319 1915 418 1978 videri
441 1917 539 1996 possit
561 1921 634 1980 onte
656 1917 833 1996 quindecim
855 1916 922 1980 dies
944 1916 1061 1983 factum
1077 1937 1134 1982 uec
1148 1937 1257 1982 rursus
1272 1923 1342 2000 post
1363 1917 1445 1982 toti-

319 2021 391 2085 dem
421 2020 549 2084 nimium
582 2020 724 2086 tarde“².
776 2021 879 2102 Atque
908 2025 1075 2088 utstatim
1106 2025 1145 2088 de
1175 2024 1314 2088 utilitate
1346 2023 1446 2104 hujus
1495 2091 1496 2106 ,

319 2127 488 2191 calendarii
506 2127 658 2206 judicium
682 2125 795 2203 feram,
825 2127 889 2191 tale
920 2132 984 2205 est,
1015 2129 1107 2209 quale
1130 2129 1227 2192 cuivis
1250 2129 1341 2193 vilico
1367 2146 1444 2192 vere

318 2234 417 2313 possit
438 2233 508 2295 usui
532 2250 608 2296 esse.
655 2232 716 2297 Sed
739 2232 831 2296 Plinii
853 2233 932 2296 illud
955 2235 1008 2314 qui
1030 2235 1136 2314 legere
1159 2235 1261 2310 debet,
1286 2232 1444 2314 profecto,
1495 2273 1496 2290 ,

319 2356 387 2417 eJns
408 2354 459 2400 me
481 2338 617 2400 miseret.
662 2337 697 2399 ld
720 2337 845 2416 quidem
869 2339 1070 2419 respiciamus
1098 2344 1221 2420 oportet
1244 2339 1444 2403 Columellae

319 2449 464 2522 patruum
495 2442 649 2505 illustrem
678 2437 773 2503 fuisse
803 2441 992 2519 agricolam⁸
1022 2445 1184 2525 ipsumque
1207 2442 1444 2509 Columellam⁴
1495 2429 1496 2474 ³

319 2564 427 2625 agrum
451 2544 635 2626 possedisse.
1495 2529 1496 2616 l

405 2650 452 2712 De
473 2649 651 2713 calendario
674 2650 749 2712 mibi
772 2669 834 2714 non
853 2651 918 2731 jam
942 2653 1108 2717 dicendum
1140 2661 1195 2718 est
1242 2640 1347 2720 Unum
1380 2655 1445 2718 hoc

319 2757 368 2819 vel
391 2756 540 2820 hocloco
568 2756 716 2837 prodam:
745 2756 865 2820 Plinius
893 2775 1041 2821 arcanum
1071 2759 1138 2840 ipse
1168 2760 1259 2823 nobis
1288 2761 1441 2842 prodidit.
1495 2799 1496 2832 ,

319 2861 354 2926 In
378 2865 466 2926 textu
487 2861 559 2925 libri
583 2881 698 2926 annum
720 2862 753 2925 in
775 2866 845 2927 octo
867 2868 972 2943 partes
994 2863 1114 2929 dividit.
1160 2863 1242 2940 Quid
1264 2866 1374 2930 scribit
1410 2865 1442 2926 in
1495 2907 1496 2958 ]

319 2968 444 3033 indice?
490 2967 623 3046 „Rerum
646 2967 679 3029 in
701 2985 776 3046 agro
797 2969 988 3046 agendarum
1017 2973 1049 3032 et
1078 2969 1152 3048 quid
1182 2987 1306 3050 quoque
1329 2987 1442 3034 mense
1495 2977 1496 2982 ’

318 3074 352 3136 iu
374 3089 449 3149 agro
471 3068 537 3133 fieri
569 3072 739 3152 oporteat.“
784 3073 833 3136 En
863 3073 950 3136 vides
980 3075 1081 3155 qualis
1113 3076 1170 3140 sit!
1215 3076 1274 3139 Hic
1303 3077 1443 3140 vertitur

319 3175 430 3239 cardo!
474 3175 534 3238 Hic
556 3179 604 3236 est
625 3173 703 3251 fons,
726 3178 810 3241 unde
833 3177 942 3241 vitium
965 3179 1044 3243 illud
1068 3185 1171 3244 ortum
1195 3187 1251 3258 est,
1275 3182 1359 3261 quod
1386 3179 1440 3244 alii

319 3277 485 3345 intervallo
509 3278 660 3358 Plinium,
693 3280 746 3343 alii
768 3279 975 3346 Columellam
1005 3302 1101 3365 opero
1122 3286 1261 3350 tribuere
1284 3285 1439 3348 ridemus.

319 3386 429 3466 Neque
452 3385 535 3449 enim
558 3386 678 3449 auctori
701 3386 797 3449 libros
819 3387 906 3466 quasi
922 3390 1098 3469 pervolandi
1119 3390 1209 3456 facile
1232 3392 1334 3454 estin
1356 3388 1441 3453 notis

320 3496 384 3553 tam
415 3490 569 3554 distinctis
595 3491 785 3571 minutisque
815 3511 877 3557 non
907 3511 1022 3558 errare.
1068 3495 1135 3560 Hoc
1164 3501 1248 3561 certe
1278 3496 1440 3560 lucramur

320 3594 456 3660 Plinium
485 3597 518 3661 iu
547 3596 770 3660 distribuendis
799 3599 945 3679 operibus
974 3619 1038 3665 non
1067 3603 1155 3681 sequi
1185 3607 1354 3674 auctorem,
1384 3598 1438 3680 qui

320 3702 439 3782 pariter
460 3707 554 3782 atque
570 3701 670 3766 Varro
692 3719 807 3767 annum
830 3704 862 3768 in
885 3708 959 3768 octo·
976 3709 1081 3786 partes
1104 3707 1254 3786 diviserit,
1276 3707 1331 3770 sed
1355 3723 1437 3778 eum,

407 3989 416 4021 ¹
436 3991 482 4044 cfr.
500 3993 546 4059 XI,
565 3993 588 4060 2,
609 3993 632 4045 1.

406 4077 417 4111 ²
436 4078 482 4132 cfr.
499 4081 545 4146 XI,
565 4081 588 4147 2,
607 4080 632 4134 3.

405 4164 481 4219 ³cfr.
501 4182 522 4220 e.
540 4185 564 4236 g.
583 4170 616 4235 ll,
637 4169 676 4234 16,
696 4169 726 4235 43
746 4167 777 4234 V,
798 4166 822 4231 5,
843 4169 883 4222 15.

405 4255 417 4288 ⁴
436 4253 482 4309 cfr.
500 4255 547 4322 111,
565 4256 590 4320 9,
608 4255 633 4310 2.
921 4271 924 4280 ·
