3042 4948
530 371 740 435 ..35-

77 548 150 610 rina
171 550 239 610 turn
261 544 418 610 defaecari
446 543 496 608 vel
526 542 620 608 etiam

79 650 208 716 diffundi
224 651 368 734 Hyginus
391 648 534 713 suadeta
549 665 620 716 oon·

78 755 160 821 fecta
188 776 225 824 ea
253 756 389 838 septimo
422 755 480 834 die,
510 753 620 834 utique

80 863 105 925 si
128 863 260 944 septima
282 862 359 925 luna
379 862 541 940 conpetat3
572 876 621 923 ce-

79 984 153 1032 rusa
168 969 246 1032 circa
261 969 405 1032 brumum
420 965 491 1028 seri.
521 965 621 1028 bubus
742 965 795 1032 clu.
820 965 887 1034 Col.
912 965 966 1045 XI,
990 966 1019 1042 2,
1053 963 1094 1028 83
1118 962 1151 1042 (i.
1174 968 1197 1026 t.

79 1072 224 1149 glandem
239 1076 308 1138 tum
321 1069 465 1151 adspergi
476 1069 622 1136 convenit
656 1090 687 1136 n.
717 1071 757 1152 c.)
791 1072 920 1150 „iisdem
950 1070 1143 1153 temporibus
1172 1069 1200 1134 si

80 1176 114 1238 in
125 1176 201 1256 Jugu
214 1176 339 1256 singula
352 1175 483 1239 modios.
505 1175 622 1254 largior
656 1178 713 1253 sit,
736 1174 925 1257 fraxineam,
949 1177 975 1244 si
999 1176 1118 1255 minus,
1149 1192 1199 1240 or·

82 1281 294 1348 ualetudinem
327 1280 455 1346 infestat
484 1284 517 1344 et
545 1298 621 1359 quo·
656 1300 758 1358 neam,
781 1282 807 1346 si
823 1300 881 1348 nec
900 1282 977 1347 haec
989 1282 1038 1358 sit,
1049 1281 1199 1359 iligneam

83 1403 213 1466 cumque
234 1392 376 1466 tempore
398 1386 499 1461 detur,
522 1385 547 1448 si
564 1385 621 1448 mi·
656 1386 797 1452 frondem
821 1389 923 1452 bubus
937 1392 1022 1450 recte
1036 1387 1200 1469 praebebi-

81 1508 140 1556 nus
155 1489 244 1554 XXX
261 1491 371 1555 diebus
382 1490 622 1554 continuisdata
657 1511 735 1558 mus.
774 1491 906 1558 Glandis
927 1509 1052 1572 quoque
1067 1509 1130 1556 non
1153 1493 1199 1556 in·

81 1596 130 1672 sit,
154 1601 283 1661 narrant
305 1613 400 1660 verna
421 1595 525 1660 scabie
548 1612 621 1677 poe·
656 1599 734 1662 utile
756 1602 804 1663 est
825 1597 955 1676 singulis
973 1597 1058 1677 jugis
1080 1599 1200 1665 modios

81 1701 207 1766 nitere.“
526 1770 528 1775 .
656 1704 796 1782 singulos
818 1704 910 1768 dare:
933 1720 991 1766 nec
1005 1707 1111 1767 tamen
1134 1725 1200 1770 am-

656 1810 747 1891 plius,
771 1826 811 1874 ne
833 1808 986 1884 laborent,
1017 1825 1074 1872 nec
1096 1810 1200 1876 minus

658 1911 768 1976 diebus
789 1908 876 1974 XXX
899 1910 1089 1989 praebueris.
1127 1930 1200 1978 narn

657 2015 684 2081 si
703 2014 901 2096 paucioribus
915 2015 1025 2078 diebus
1042 2016 1143 2093 detur,
1166 2023 1203 2082 ut

658 2121 703 2186 ait
725 2119 877 2200 Hyginus,
908 2137 964 2199 per
993 2137 1049 2182 ver
1069 2121 1201 2188 scabiosi

658 2225 753 2289 boves
775 2221 863 2288 liunt.
902 2223 999 2288 Glaus
1022 2229 1125 2290 autem
1146 2247 1201 2308 pa·

658 2330 716 2396 leis
737 2329 941 2394 immiscenda
966 2333 1014 2394 est
1039 2335 1135 2411 atque
1156 2333 1202 2398 ita

659 2436 760 2502 bubus
786 2434 1001 2517 apponendu“.

166 2542 253 2619 Quae
276 2542 420 2607 verbosi
442 2543 628 2619 contuleris,
658 2559 781 2605 mecum
806 2541 936 2620 negabis
959 2541 1117 2623 Hyginum
1146 2552 1202 2611 ant

84 2647 288 2712 Columellam
311 2666 330 2710 a
352 2647 452 2712 Plinio
475 2649 699 2729 transcriptum
719 2664 797 2710 esse.
834 2646 945 2726 Neque
968 2647 1050 2712 enim
1071 2649 1199 2715 dubium

82 2757 146 2823 est,
177 2753 250 2832 quin
279 2753 398 2818 Plinius
427 2752 537 2820 ailerat
566 2771 629 2818 uno
651 2758 760 2818 tenore
789 2755 854 2815 tres
884 2750 1000 2831 Hygini
1029 2757 1201 2822 sententias

82 2856 131 2920 vel
147 2857 260 2921 rectius
278 2862 443 2940 quattuor:
470 2878 545 2941 „per
561 2861 703 2924 brumam
720 2891 760 2902 --
782 2854 918 2920 colito“¹
953 2857 1044 2934 „vina
1067 2863 1134 2924 tum
1161 2899 1198 2905 -

83 2962 244 3042 conpetat“
294 2981 420 3042 „cerasa
460 3000 499 3008 -
538 2964 617 3030 1111α
660 2963 780 3042 „bubus
817 2993 860 3004 -
895 2960 1087 3042 poenitere“,
1129 2983 1199 3032 cum

83 3072 202 3132 constet
223 3067 381 3148 Hyginum
403 3071 497 3136 etiarn
520 3071 559 3134 de
582 3069 698 3134 vitibus
720 3072 753 3130 et
773 3065 937 3134 arboribus
958 3067 1126 3148 scripsisse.
1171 3068 1199 3132 E

83 3171 254 3236 Columella
263 3172 281 3262 ²·
299 3179 404 3239 autern
423 3175 543 3240 Plinius
565 3173 644 3240 scire
665 3191 728 3237 non
751 3173 853 3254 potuit
876 3173 973 3238 verba
994 3172 1051 3236 illa
1075 3189 1201 3250 „cerasa

82 3311 117 3320 -
157 3277 237 3364 seri“
272 3281 460 3346 sententiam
492 3279 608 3362 Hygini
637 3279 808 3343 continere.
861 3279 1039 3344 Clarissimo
1075 3295 1125 3345 res
1154 3279 1199 3342 ita

83 3399 115 3445 se
149 3381 252 3446 babet.
311 3381 492 3448 Communis
527 3384 691 3464 utriusque
728 3390 837 3450 auctor
875 3384 977 3463 prima
1015 3383 1077 3448 tria
1109 3399 1199 3464 prae-

83 3491 171 3568 cepta
195 3487 234 3551 ad
259 3488 390 3556 brumae
413 3492 537 3569 tempus
560 3488 679 3567 dedit⁸‚
702 3507 835 3570 quorum
857 3489 1001 3552 ultimum
1024 3487 1199 3556 Columella

82 3597 164 3656 recto
192 3592 261 3657 loco
294 3593 456 3675 descripsit
487 3593 647 3672 genuina4
681 3595 806 3676 quidem
836 3591 937 3658 forma
965 3599 1103 3673 servata,
1132 3597 1198 3660 sed

82 3698 215 3762 auctoris
236 3698 363 3762 nomine
384 3700 508 3765 omisso.
538 3699 610 3764 Jam
624 3699 745 3763 Plinius
767 3700 849 3779 apud
875 3717 1070 3766 communem
1093 3702 1199 3762 aucto-

166 3885 240 3939 ¹ofr.
259 3885 315 3941 001.
334 3884 359 3939 d.
377 3886 432 3941 arb.
451 3887 484 3950 V,
503 3886 527 3941 3.

165 3973 240 4027 2cfr.
259 3975 315 4028 Col.
335 3975 383 4040 XI,
403 3975 427 4039 2,
447 3975 490 4028 96.

164 4061 175 4094 ³
194 4061 241 4116 cfr.
262 4079 325 4130 „per
344 4064 464 4119 brumam
481 4063 575 4117 vitem“
597 4064 674 4132 „vina
691 4062 762 4117 tum“
786 4077 893 4131 „cerasa
910 4061 1140 4132 cir·cubrumam“.

163 4148 267 4205 ⁴vides
290 4151 406 4204 Plinium
435 4152 518 4206 multo
548 4152 653 4205 brevius
683 4158 854 4219 praeceptum
876 4151 928 4204 hoc
950 4151 1124 4206 transcribere
1148 4165 1198 4204 nec

81 4237 163 4291 minus
180 4237 247 4292 illud
265 4236 299 4293 ad
317 4240 397 4293 boves
415 4239 559 4308 pertinens.

1007 4320 1023 4374 3
1030 4320 1042 4348 X
