3042 4948
592 335 803 397 ..13-

137 498 319 566 &lanbach
364 501 462 584 9155
487 503 562 580 „Est
581 503 680 568 herba
700 535 744 550 -
766 505 973 570 orobanche“.
1010 506 1063 571 cfr.
1082 507 1165 583 VIII,
1178 507 1210 583 8,
1228 510 1257 573 4.

137 607 235 672 Falso
258 607 378 672 Plinius
400 606 509 671 scribit
523 607 605 670 cicer
619 608 724 671 necari
745 599 812 670 ὑπὸ
834 610 891 694 τῆς
913 600 1103 694 ὀροβάγχης,
1126 630 1197 676 cum
1219 614 1261 676 sit

139 731 261 778 ervum.
311 712 433 791 ,tritico
456 746 498 756 —
518 710 664 775 'necant“.
708 711 762 776 clr.
785 711 870 790 VIII,
894 714 923 791 8,
947 715 977 778 3.
1028 717 1147 780 Plinius
1176 735 1257 782 com·

140 822 245 882 mutat
266 811 374 900 φακόν
393 819 429 879 et
443 805 584 900 ἀφώοην.
629 816 798 882 Praeterea
812 820 938 896 enavit,
962 822 1046 900 quod
1060 821 1183 903 scripsit
1208 827 1260 900 „et

142 923 204 986 hae
227 923 383 1002 ⁴couplenu
410 921 557 985 necant“.
605 921 704 999 „circa
732 921 892 1004 Philippos
924 959 963 968 -
993 923 1152 990 adllauit“.
1204 925 1258 990 cfr.

142 1025 228 1103 VIII,
251 1027 279 1107 8,
302 1027 333 1089 6.
358 1025 393 1104 7;
417 1043 500 1091 caus.
522 1026 567 1107 pl.
589 1026 643 1101 IV,
667 1027 715 1088 12.
761 1027 811 1090 En
831 1027 929 1092 habes
948 1027 1100 1094 Plinium!
1144 1027 1260 1094 Omnia

142 1129 224 1194 laisa
238 1135 320 1195 sunt.
353 1131 438 1194 Diuit
451 1131 536 1194 enim
554 1130 787 1212 Theophrastus
801 1131 994 1211 leguminum
1009 1138 1103 1214 atque
1121 1136 1259 1199 rnaxime

141 1237 269 1316 quinem
289 1235 432 1300 fabarum
455 1236 638 1300 silentium
662 1253 760 1315 grana
780 1237 914 1300 Inveniri
935 1242 1003 1302 tum
1024 1240 1132 1304 mollia
1155 1234 1260 1320 (τερά-

140 1341 236 1422 pcoo),
264 1345 329 1404 turn
347 1341 433 1404 -duia
455 1329 660 1423 (ἀτεράμων).
705 1339 801 1421 Cujus
822 1343 868 1405 rei
894 1361 1019 1407 causam
1049 1348 1083 1407 et
1100 1345 1204 1408 solum
1227 1350 1260 1408 et

141 1453 248 1523 aerem
271 1461 340 1510 esse
360 1446 445 1510 dicit.
482 1444 586 1525 Atque
604 1444 638 1509 -in
659 1460 764 1509 macro
785 1446 909 1526 quidem
933 1449 999 1512 solo
1021 1465 1121 1529 mana
1141 1449 1257 1526 mollia,

138 1546 174 1614 iri
202 1551 314 1632 :pingui
348 1551 427 1616 dura
456 1549 527 1614 'fieri
561 1551 671 1615 solent
717 1549 777 1615 Sed
816 1557 871 1615 atr
901 1569 1025 1634 quoque
1057 1554 1121 1617 vim
1152 1554 1257 1618 habet.

138 1655 262 1736 Nempe
288 1656 405 1720 anirum
431 1673 502 1719 esse
522 1654 629 1740 scribit
652 1654 899 1736 Theophrastus,
930 1659 1014 1737 quod
1041 1657 1127 1722 idern
1156 1660 1257 1723 solum

140 1761 315 1840 eodemque
344 1760 436 1824 modo
467 1764 687 1840 prosperatum
711 1764 743 1822 et
763 1755 872 1824 mollia
892 1765 926 1824 et
947 1763 1026 1826 dura
1046 1779 1145 1842 grana
1164 1761 1256 1828 ferat.

137 1863 212 1928 Iam
251 1859 341 1927 affert
376 1863 568 1942 exemplum,
611 1881 673 1944 quo
704 1865 786 1928 alins
817 1865 880 1928 vim
912 1867 1115 1933 demonstrat.
1167 1868 1259 1934 Circo

139 1968 301 2050 Philippos
321 1969 406 2032 enim
428 1967 502 2031 laba
523 1973 608 2032 celto
631 1973 724 2032 vento
747 1967 843 2032 flante
866 1970 1018 2034 ventilata
1039 1973 1159 2038 emolli
1178 1976 1258 2039 dura

137 2071 184 2137 fit.
227 2073 281 2138 sla
302 2093 353 2139 ms
370 2085 409 2138 se
424 2073 533 2138 ‘habet
578 2073 698 2137 PlinIus
719 2079 827 2137 contra
855 2068 1035 2154 „captumst
1066 2082 1104 2139 et
1129 2067 1257 2157 ,ἀτερά-

138 2177 229 2258 μωψ*
264 2179 377 2244 herhas
410 2179 629 2259 esse‘putauil
660 2183 695 2240 et
730 2174 937 2262 „lophaimffl
970 2180 1067 2242 uertit
1102 2181 1256 2258 „necari“.

139 2283 277 2348 Omnino
299 2285 351 2347 vix
372 2277 622 2366 Theophrastum
645 2283 728 2363 opud
739 2282 877 2368 Pliainm
899 2287 1117 2361 recognoscas!
1153 2283 1258 2366 9167

141 2389 235 2468 „uino
257 2393 329 2452 onte
351 2423 393 2432 -
415 2388 626 2452 existimant“.
671 2383 724 2450 cir.
748 2403 830 2450 caus.
854 2387 895 2468 pl.
917 2386 973 2466 III,
1004 2389 1055 2466 24,
1078 2388 1107 2451 l.
1153 2387 1257 2469 9161

143 2494 287 2572 „luxuria
310 2497 448 2573 segetum
472 2527 513 2538 —
536 2491 639 2573 9162
657 2493 783 2556 ubertas
799 2491 967 2557 diluatur“.
1011 2492 1064 2558 cfr.
1080 2493 1164 2574 VlII,
1182 2493 1257 2570 14.

140 2597 168 2678 ’9
197 2601 259 2662 162
291 2597 418 2678 ,limum
443 2599 555 2660 sutem
587 2625 625 2640 4-
652 2595 786 2676 penul.
837 2595 891 2660 cir.
921 2597 997 2662 ibid.
1051 2598 1171 2661 leius
1200 2615 1256 2677 pro

142 2695 259 2785 ,(61ηῶ
284 2702 397 2782 legisse
410 2701 535 2766 uidem
555 2693 674 2779 „liert
711 2700 858 2765 Getarum
870 2702 1044 2782 jncundum
1056 2708 1108 2766 est
1121 2703 1257 2766 Plinium

138 2807 231 2887 sequi
253 2808 373 2870 ratione
389 2805 455 2870 sihi
477 2823 526 2870 res
549 2807 766 2886 explicantem.
794 2805 1008 2870 Scribitouim
1025 2805 1258 2888 Theophrastus

138 2917 257 2974 terram
266 2909 459 2992 Babyloniae
470 2911 739 2992 pinguemesseet
751 2911 996 2990 teneamusque
1011 2916 1117 2974 mmen
1129 2911 1258 2974 arbores

139 3019 197 3078 aut
210 3015 327 3080 'herbas
342 3013 446 3091 terre,
477 3015 557 3079 sicut
585 3016 618 3078 in
640 3013 793 3095 Aegypto.
836 3013 906 3079 Iam
937 3031 1007 3079 cum
1037 3015 1096 3079 dici
1118 3019 1256 3094 nequeat

144 3123 280 3198 ,terram
296 3117 385 3183 ‘ferre
406 3119 546 3199 limum“,
571 3119 711 3200 subjecta
731 3119 791 3183 sihi
813 3117 903 3199 lingIt
916 3119 1108 3202 Babyloniae
1129 3119 1259 3185 flnnrina

140 3227 177 3288 et
191 3223 295 3287 Nilum
312 3223 444 3307 Aegypti
467 3229 561 3306 atque
580 3222 719 3308 ,φέρειίι
745 3227 835 3305 putat
856 3225 939 3288 idem
954 3242 1031 3300 esse,
1055 3227 1138 3305 quod
1161 3224 1258 3288 latine

144 3345 269 3407 „secum
291 3327 382 3395 iert“.
420 3329 566 3393 Inauclita
584 3332 690 3392 tamen
708 3347 758 3392 res
773 3333 822 3392 est
835 3327 965 3392 flumina
986 3322 1074 3392 πόαν
1092 3328 1257 3407 invehere3

139 3437 249 3513 itaque
268 3435 378 3500 scribit
403 3451 478 3512 ,nec
500 3437 585 3498 terra
603 3434 672 3514 ipsa
686 3433 800 3497 herbas
814 3433 943 3512 gignis.
984 3434 1129 3511 „ubertas
1150 3437 1257 3498 tamen

139 3571 185 3584 -
204 3539 406 3603 seminibus“.
451 3537 505 3602 cfr.
522 3538 607 3614 VIII,
631 3537 660 3614 7,
677 3538 706 3600 5.
751 3535 855 3618 9166
878 3539 940 3616 ,sio
957 3554 1035 3618 ergo
1060 3570 1099 3582 ——
1121 3539 1256 3602 tritico“.

141 3641 197 3706 cir.
221 3661 304 3708 casm.
328 3645 369 3725 pl.
387 3643 447 3719 III,
475 3644 525 3718 21,
556 3645 585 3707 2.
637 3641 742 3724 9170
767 3641 876 3723 ,Syria
903 3660 1027 3723 quoque
1056 3643 1143 3706 tenui
1171 3642 1257 3704 sulco

141 3748 242 3811 arat“.
287 3747 341 3812 cfr.
363 3748 445 3826 VIII,
471 3750 500 3824 6,
530 3749 567 3827 33
599 3764 683 3812 caus.
710 3747 752 3828 pl.
775 3746 830 3823 111,
859 3747 910 3822 20,
941 3745 971 3808 5.
1022 3744 1127 3826 9186
1152 3748 1203 3821 ,at
1225 3743 1258 3807 in

139 3852 263 3916 Bactris
284 3889 324 3898 —
347 3854 519 3917 nutriens“.
564 3853 617 3918 clr.
640 3851 725 3931 VIII,
756 3852 785 3926 6,
813 3853 843 3914 6.
889 3851 1064 3916 Columella
1085 3847 1125 3924 II,
1156 3847 1205 3927 11,
1236 3847 1257 3910 3

139 3975 216 4020 sune
247 3953 361 4021 similia
388 3959 510 4034 scribit,
545 3961 601 4023 sod
632 3959 672 4022 cle
698 3955 805 4020 Africa
834 3959 866 4018 et
893 3953 1051 4034 Aegypto,
1088 3953 1258 4018 notissime

140 4061 267 4142 quidem
296 4063 484 4140 regionibus.
536 4061 560 4143 9
588 4063 647 4125 196
683 4059 814 4141 ,Samen
844 4059 997 4140 optimum
1027 4093 1066 4104 —
1096 4056 1256 4138 generatio

139 4168 219 4233 est“.
264 4165 319 4231 cfr.
345 4165 434 4248 Vlll‚
468 4167 526 4244 11,
554 4167 586 4232 5.
637 4165 743 4247 9196
774 4169 911 4242 ,cenum
933 4168 1035 4228 terras
1059 4197 1098 4208 -
1121 4167 1258 4226 comesse
